2320 3822
1922 68 1988 119 21

103 221 436 275 quaeramUS,
474 212 656 260 utrum
693 223 875 259 omnes
915 208 1043 258 soeii
1082 204 1328 264 ὑποτελεῖς
1366 208 1558 274 privati
1596 209 1702 259 sint
1738 208 1992 261 libertatis

100 304 245 368 parte
283 301 482 368 eadem,
521 317 588 352 an
624 300 877 352 libertatis
910 301 1032 366 jura
1070 299 1159 350 alii
1198 300 1410 365 majora,
1449 300 1539 350 alii
1577 301 1783 352 minora
1821 318 1994 353 serva-

99 394 286 445 verint.

242 487 284 538 I.
363 486 583 538 Minima
628 486 865 537 libertate
917 486 1030 537 sine
1083 485 1243 536 dubio
1292 486 1376 536 usi
1435 490 1561 537 sunt
1615 487 1709 554 illi,
1769 505 1995 556 quorum

101 582 324 633 civitatis
363 583 556 632 statum
577 579 930 632 Athenienses
957 580 1060 647 ipsi
1098 579 1154 629 in
1194 583 1388 631 certam
1424 580 1740 648 redegerunt
1776 581 1996 633 formam

101 671 442 744 (δημοκρατίαν
481 673 812 742 κατέστησαν).
906 671 1178 734 Quomodo
1229 673 1283 724 id
1332 674 1399 725 sit
1446 674 1664 741 factum,
1713 675 1862 727 docet
1897 691 1995 727 nos

98 768 280 837 populi
319 768 512 819 scitum
551 768 614 820 de
652 767 956 834 Erythraeis
997 765 1068 833 (C.
1110 765 1159 816 J.
1201 767 1265 817 A.
1306 766 1350 833 Ι,
1389 766 1478 819 Nr.
1519 769 1551 820 9
1574 768 1644 835 *):

265 858 575 931 Ἐρυθραίων
615 858 711 912 ἀπὸ
752 859 952 928 κυάμων
991 859 1075 928 τὴν
1114 859 1290 929 βουλὴν
1331 859 1452 912 εἷναι
1491 858 1641 913 εἴκοσι

269 952 351 1007 καὶ
391 954 561 1006 ἑκατὸν
600 949 788 1024 ἄνδρας.
827 953 906 1005 τὸν
946 952 999 1004 δὲ
1038 953 1374 1022 κυαμευθέντα
1413 954 1612 1024 δοκιμά-

271 1053 367 1108 ζειν
407 1050 456 1100 ἐν
495 1053 555 1118 τῇ
594 1049 776 1118 βουλῇ·
814 1044 896 1098 καὶ
937 1046 1002 1116 μὴ
1044 1047 1237 1116 θεμιτὸν
1277 1046 1399 1099 εἶναι
1436 1048 1683 1118 βουλεύειν
1722 1044 1817 1119 μηέ

271 1142 324 1194 ὃέ
363 1143 447 1194 ἕνα
485 1138 672 1201 ὅλειζον
710 1138 742 1210 ἤ
782 1139 1037 1211 τριοίκοντα
1077 1140 1160 1210 ἔτη
1199 1141 1442 1211 γεγονότα.
1481 1140 1638 1202 δίωξιν

271 1234 316 1287 δ’
362 1234 483 1287 εἶναι
520 1231 644 1287 κατὰ
682 1240 771 1287 τῶν
810 1235 1166 1306 ἐλεγχομένων·
1205 1234 1451 1305 βουλεύειν
1491 1234 1544 1287 δὲ
1583 1236 1649 1305 μὴ

271 1329 400 1389 ἐντὸς
438 1329 676 1400 τεττάρων
716 1331 858 1382 ἐτῶν·
898 1328 1268 1399 ἀποκυαμεῦσαι
1306 1328 1359 1381 δὲ
1397 1327 1479 1382 καὶ

270 1428 571 1493 καταστῆσαι
606 1423 691 1493 τὴν
731 1422 816 1493 μὲν
855 1423 974 1482 τέως
1012 1423 1188 1493 βουλὴν
1227 1423 1334 1482 τοὺς
1373 1423 1562 1476 ἐπισκό-

269 1537 385 1577 πους
423 1515 505 1570 καὶ
543 1517 622 1569 τὸν
662 1517 983 1589 φρούραρχον,
1022 1518 1075 1570 τὸ
1114 1516 1168 1569 δέ
1207 1517 1371 1570 λοιπὸν

270 1611 355 1680 τὴν
395 1611 571 1682 βουλήν
610 1609 691 1663 καὶ
729 1611 808 1663 τὸν
848 1611 1176 1683 φρούραρχον·
1215 1616 1305 1663 τῶν
1343 1613 1541 1681 βουλευ-

272 1704 450 1758 σύντων
490 1706 688 1757 ἕκαστον
724 1704 995 1776 Ἔρύθρασι
1032 1704 1138 1777 πρὶν
1179 1705 1371 1764 εἰςιέναι
1409 1707 1457 1764 ἐς
1495 1705 1578 1774 τήν

273 1797 428 1870 ἀρχὴν
467 1798 666 1869 ὀμνύναι
705 1798 789 1870 μὲν
829 1798 921 1852 Δία
958 1798 1040 1852 καὶ
1073 1799 1293 1853 Ἀπόλλω
1332 1796 1414 1850 καὶ
1453 1798 1548 1867 Δή-

271 1914 443 1964 μητρα,
482 1893 788 1965 ἐπαρώμενον
828 1893 1050 1954 ἐξώλειαν
1090 1895 1248 1964 ἑαυτῷ
1280 1895 1576 1963 ἐπιορκοῦντι

273 1985 355 2039 καὶ
393 1985 552 2040 παισὶν
592 1989 791 2040 ἑαυτοῦ·
829 1988 907 2040 τὸν
947 1986 1000 2040 δέ
1039 1985 1178 2058 ὅρκον
1217 1986 1416 2057 ὀμνύναι
1453 1986 1576 2039 κατὰ

274 2081 407 2152 ἱερῶν
445 2081 727 2151 καιομένων.
765 2082 849 2151 τὴν
889 2081 942 2134 ὃέ
981 2082 1157 2152 βουλὴν
1196 2082 1279 2151 τὴν
1312 2081 1635 2152 βουλεύουσαν
1667 2085 1818 2133 ταῦτα
1852 2080 1998 2151 ἀναγ-

273 2174 450 2234 κάζειν.
490 2175 574 2228 ἐὰν
613 2175 667 2228 δὲ
708 2176 772 2246 μὴ
815 2175 937 2228 εἶναι
977 2180 1218 2245 ζημιῶσαι
1255 2174 1465 2247 χιλίασιν
1505 2176 1768 2247 δραχμαῖσ]
1807 2172 1838 2244 ἢ

271 2266 296 2320 ὃ
337 2265 394 2322 ἄν
434 2267 459 2321 ὁ
500 2272 650 2340 δῆμος
689 2268 714 2321 ὁ
751 2267 1060 2340 Ἐρυθραίων
1101 2268 1274 2329 αότοῦς
1312 2270 1602 2339 καταβαλεῖν
1642 2267 1924 2340 ψηφίσηται.

270 2362 470 2433 ὀμνύναι
508 2366 562 2415 δὲ
598 2362 716 2416 τάδε
753 2363 837 2433 τὴν
875 2363 1076 2434 βουλὴν;

395 2456 644 2528 βουλεύσω
682 2456 744 2516 ὡς
782 2454 840 2510 ἄν
880 2455 1101 2527 δύνωμαι
1138 2453 1309 2528 ἄριστα
1347 2455 1429 2509 καὶ
1467 2456 1750 2510 δικαιότατα

389 2549 697 2622 Ἐρυθραίων
736 2556 804 2622 τῷ
835 2550 1017 2620 πλήθει
1054 2549 1137 2603 καὶ
1172 2549 1442 2620 Ἀθηναίων
1480 2549 1563 2604 καὶ
1600 2556 1688 2603 τῶν
1727 2556 1837 2622 ξυμ-

395 2645 582 2717 μάχων.
619 2643 702 2698 καὶ
740 2643 829 2698 οὐκ
868 2643 1207 2714 ἀποστήσομαι
1240 2643 1512 2715 Ἀθηναίων
1550 2651 1635 2698 τοῦ
1672 2645 1890 2715 πλήθους

395 2738 510 2793 οὐδὲ
547 2743 636 2791 τῶν
675 2743 940 2812 Ευμμᾶχων
979 2744 1069 2791 τῶν
1102 2737 1388 2808 Ἀθηναίων,
1428 2735 1532 2792 οὔτ’
1579 2738 1720 2798 αὐτὸς

395 2834 492 2904 ἐγὼ
524 2830 627 2887 οὔτ’
672 2829 809 2903 ὀίλλῳ
846 2831 1076 2904 πείσομαι
1114 2832 1228 2886 οὐδὲ
1267 2832 1348 2886 ἑνί.
1387 2831 1501 2886 οὐδὲ
1538 2838 1628 2886 τῶν
1667 2854 1782 2905 φευ-

395 2927 574 2999 γόντων
613 2928 811 2998 δέξομαι
848 2926 962 2980 οὐδὲ
1002 2929 1086 2980 ἕνα
1125 2923 1226 2981 οὔτ’
1272 2926 1414 2987 αὐτὸς
1454 2928 1550 2998 ἐγὼ
1582 2923 1686 2980 οὔτ’

396 3017 533 3093 ὀίλλῳ
571 3020 812 3092 πείσομαι,
851 3027 939 3074 τῶν
979 3024 1028 3082 ἐς
1067 3021 1268 3092 Μήδους
1306 3021 1566 3093 φυγόντων,
1606 3018 1720 3074 ἄνευ

397 3120 481 3186 τῆς
519 3115 707 3186 γνώμης
745 3120 828 3186 τῆς
862 3114 1133 3185 Ἀθηναίων
1172 3114 1259 3168 καῖ
1290 3119 1374 3168 τοῦ
1413 3114 1589 3186 δήμου·
1629 3114 1742 3168 οὐδὲ

395 3215 486 3262 τῶν
526 3209 764 3281 μενόντων
803 3211 951 3271 ἐξελῶ
985 3206 1099 3262 ἄνευ
1136 3214 1220 3277 τῆς
1258 3208 1448 3279 γνώμης
1484 3208 1568 3277 τὴς

394 3302 664 3374 Ἀθηναίων
702 3302 786 3357 καὶ
823 3308 908 3357 τοῦ
946 3303 1117 3374 δήμου.

220 3504 260 3560 *)
291 3503 488 3550 Titulum
516 3518 542 3549 a
570 3504 846 3550 Kirohhoffio
875 3504 1134 3550 restitutum
1164 3502 1362 3560 praebeo.
