2320 3822
2030 99 2092 152 11

202 236 623 293 Atheniensibus
660 255 728 290 ex
767 238 899 289 urbe
937 242 988 289 et
1025 251 1093 288 ex
1132 238 1410 290 cleruchiis
1450 242 1883 307 commemoratis,
1927 246 2099 309 aperte

203 332 235 398 ξ
273 333 308 384 3
364 332 408 384 οἱ
458 331 662 401 ὑπήκοοι
709 334 1052 399 opponuntur
1097 330 1192 388 τοῖς
1243 329 1340 382 ἀπὸ
1394 330 1667 402 ξυμμαχίας
1720 331 1999 403 αἰτονόμοις
2051 340 2101 387 et

201 424 296 485 τοῖς
353 423 695 495 μισθοφόροιςτ
767 424 956 476 deinde
1025 425 1152 475 socii
1217 441 1285 476 ex
1340 425 1428 475 1110
1484 428 1574 475 τῶν
1632 423 1857 493 ὑπηκόων
1913 444 2102 495 genere

202 522 603 580 enumerantur:
644 519 877 587 primum
914 516 1088 585 Iones,
1127 521 1243 569 tum
1272 518 1480 585 Aeoles,
1519 522 1778 586 postremo
1810 520 1992 588 Dores,
2030 523 2103 573 ita

204 612 436 680 quidem,
491 615 552 663 ut
588 616 640 664 et
676 612 716 662 ii
752 613 1114 679 nominentur,
1164 614 1257 680 qui
1296 612 1448 683 φόρου
1489 611 1734 672 ὑποτελεῖς
1774 618 1922 666 erant
1959 615 2102 681 (Ere-

201 707 439 773 trienseS,
489 705 876 772 ChalcidenseS,
926 705 1014 756 alii
1054 738 1121 742 —
1160 706 1393 774 Tenedii,
1446 706 1654 773 Rhodii)
1694 711 1746 759 et
1780 709 1836 775 ii,
1877 710 1969 777 qui
2009 707 2102 780 οὐχ

202 798 447 859 ὑποτελεῖς
485 804 634 852 erant
670 798 837 870 φόρου,
875 803 988 858 ναῦς
1028 798 1081 851 δὲ
1120 800 1437 872 παρέχοντεςε
1477 802 1615 853 inter
1651 800 1807 853 Iones
1837 801 1969 869 Chii,
2010 804 2102 870 qui

200 897 382 963 postea
445 911 570 947 cum
622 883 824 946 'ceteris
890 893 1114 946 Ionibus
1169 894 1363 946 iterum
1420 893 1626 964 ὑπήκοοι
1685 895 1963 963 dicuntur,
2033 913 2101 949 ex

200 987 396 1039 Aeolia>
425 989 584 1057 stirpe
605 989 992 1054 Methymnaei:
1032 986 1171 1040 ναυσὶ
1203 986 1285 1040 καὶ
1318 986 1375 1040 οὐ
1409 988 1546 1059 φόρῳ
1582 988 1810 1058 ὑπήκοοι.,
1873 991 2104 1059 Septima

203 1082 418 1134 demum
454 1084 777 1152 paragrapho
814 1083 1150 1148 Thucydides
1201 1083 1266 1134 ad
1312 1083 1504 1136 liberos
1556 1087 1722 1137 socios
1774 1083 2101 1154 (αὐτονόμους)

202 1179 253 1228 et
304 1176 371 1227 ad
418 1178 768 1228 mercenarios
814 1178 1067 1244 pervenit.
1147 1176 1459 1230 Rectissime
1506 1180 1669 1247 igitur
1706 1179 2008 1247 Madvigius
2045 1179 2102 1229 in

203 1268 307 1335 §4
357 1266 598 1336 verbum,
657 1271 799 1338 quod
856 1274 935 1323 est
985 1268 1263 1339 αὐτόνομοι,
1322 1276 1440 1339 post
1490 1272 1782 1344 παρέχοντες
1837 1272 2100 1324 sustulitf‘

200 1363 443 1415 Primum
498 1365 672 1432 agitur
728 1365 792 1417 de
847 1365 1023 1417 verbis
1082 1368 1111 1432 ἶς’
1150 1364 1212 1416 4:
1276 1364 1487 1432 ,,τοότων
1537 1365 1655 1418 Χῖοι
1710 1365 1805 1437 οὑχ
1857 1364 2101 1424 ὑποτελεῖς

200 1450 334 1515 ὄντες
381 1455 534 1528 φόρου
585 1462 700 1517 ναῦς
739 1457 793 1510 δὲ
832 1459 1126 1530 παρέχοντες
1167 1457 1423 1529 αὐτόνομοι
1462 1460 1784 1519 ξυνέσποντο.“
1861 1459 2101 1512 Verbum

202 1548 463 1621 αὐτόνομοι
499 1551 805 1621 Madvigius
845 1555 1012 1622 ejecit,
1053 1553 1199 1606 Stahl
1237 1555 1294 1604 in
1335 1552 1472 1606 αὐτοὶ
1512 1553 1648 1624 μόνοι
1687 1555 1849 1622 (quod
1888 1554 2104 1622 quidem

201 1661 419 1697 sensum
457 1646 671 1715 praebet
707 1664 816 1698 non
857 1648 1056 1716 aptum)
1110 1649 1352 1715 mutavit,
1407 1649 1568 1717 „quia
1606 1653 1758 1700 antea
1797 1648 1999 1699 dictum
2037 1648 2105 1699 sit

199 1739 351 1792 initio
392 1742 422 1807 ς
460 1741 522 1792 4:
587 1736 750 1808 ,,οὗτοι
788 1741 960 1801 πάντες
1001 1784 1010 1793 .
1053 1783 1063 1794 .
1103 1783 1113 1794 .
1153 1783 1163 1793 .
1205 1741 1410 1811 ὑπήκοοι
1448 1739 1624 1806 ὄντες,“
1677 1746 1836 1810 atque
1886 1743 1943 1792 in
1983 1739 2103 1809 ὑπη-

201 1831 330 1884 κόων
381 1850 574 1902 genere
622 1837 780 1887 etiam
814 1835 930 1886 Chii
981 1838 1408 1889 enumerentur.“
1487 1836 1590 1888 Sed
1640 1835 1988 1887 conferendus
2027 1838 2105 1886 est

199 1927 348 1979 locus
385 1927 709 1994 Thucydidis
746 1929 842 1996 VI,
882 1931 969 1998 85,
1008 1933 1068 1983 2:
1131 1928 1245 1998 ,,καὶ
1290 1930 1385 2000 γῗρ
1435 1930 1530 1988 τοῖς
1577 1929 1680 1981 ἐκεῖ
1724 1927 1990 2000 ξυμμάχοις
2040 1926 2104 1987 ὡς

202 2021 398 2073 ἕκαστοι
451 2021 684 2093 χρήσιμοι
740 2022 1060 2094 ἐξηγούμεθα,
1118 2023 1270 2083 Χίους
1322 2023 1407 2094 μὲν
1455 2021 1536 2075 καὶ
1588 2021 1939 2092 Μηθυμναίους
1988 2026 2104 2073 νεῶν

201 2120 479 2188 παροκωχῇ
518 2114 859 2186 αὐτονόμους,“
914 2119 1009 2170 ubi
1046 2118 1203 2171 Chios
1242 2123 1400 2187 atque
1438 2118 1838 2184 Methymnaeos
1877 2133 1936 2169 eo
1974 2120 2104 2168 tem-

200 2225 342 2277 pore,
382 2226 487 2278 quo
527 2214 698 2262 orator
715 2211 1059 2264 Atheniensis
1096 2213 1349 2281 loquitur,
1390 2214 1560 2265 socios
1599 2209 1890 2281 αὐτονόμους
1921 2211 2103 2277 fuisse,

202 2302 409 2355 disertis
466 2304 641 2356 verbis
699 2306 827 2357 dicit
872 2306 1222 2372 Thucydides,
1300 2306 1416 2358 Iam
1464 2323 1587 2358 vero
1643 2307 1772 2358 haec
1828 2306 1989 2357 oratio
2038 2305 2104 2357 ad

202 2395 569 2451 Camarinaeos
608 2401 740 2474 anni·
772 2401 836 2452 17
877 2400 1001 2452 belli
1029 2399 1465 2469 Peloponnesiaci
1511 2402 1663 2452 initio
1701 2400 1890 2452 hiemis
1926 2398 2105 2451 habita

201 2494 307 2556 est3
367 2497 453 2558 (—
492 2510 618 2545 nam
667 2511 777 2546 non
823 2494 989 2546 multo
1040 2498 1159 2563 post
1204 2495 1432 2547 hiemem
1468 2496 1734 2563 ingruisse
1771 2493 2105 2560 Thucydides

202 2584 328 2636 dicit
365 2585 460 2653 VI,
500 2588 586 2655 88,
625 2590 686 2641 5:
743 2587 855 2656 ,,τόν
901 2608 954 2640 τε
1004 2592 1219 2659 χειμῶνα
1267 2587 1678 2659 μεθορμισοὶμενοι
1727 2589 1781 2639 ἐκ
1818 2590 1901 2656 τῆς
1941 2585 2102 2646 Νάξου

201 2678 250 2736 ἐς
288 2678 374 2748 τήν
413 2679 691 2750 Κατάνην,“
734 2683 924 2736 deinde
956 2683 1070 2735 libr.
1093 2682 1189 2750 VI,
1229 2684 1316 2750 93,
1355 2684 1414 2735 4:
1460 2680 1573 2750 ,,καὶ
1612 2680 1822 2753 ὑχειμών
1861 2679 2102 2742 ἐτελεύτα,

200 2769 282 2824 καὶ
333 2773 536 2844 ἕβδομον
587 2772 669 2826 καὶ
719 2775 919 2828 δέκατον
971 2775 1074 2835 ἐ’τος
1125 2781 1193 2846 τῷ
1224 2777 1425 2847 πολέμῳ
1465 2775 1693 2829 ἐτελεύτα
1731 2778 1854 2845 τῷδε
1892 2771 1943 2826 ὃν
1983 2774 2103 2826 Θου-

201 2849 397 2936 κυδίδης
435 2868 757 2941 Ει)νέγροιι,ἰενιι
799 2870 912 2937 —-):
958 2870 1167 2923 duobus
1207 2873 1361 2923 annis
1400 2875 1518 2939 post
1556 2871 1685 2922 socii
1721 2870 1816 2936 illi,
1857 2870 1950 2936 qui
1986 2868 2099 2919 libr.

201 2958 309 3012 VII
347 2978 426 3030 cp.
467 2949 535 3016 57
595 2969 991 3032 enumerantur,
1042 2964 1333 3031 Syracusas
1384 2966 1549 3038 coacti
1601 2968 1762 3017 erant.
1841 2963 1943 3015 Sed
1982 2978 2104 3013 cum

201 3053 536 3122 Thucydides
602 3075 778 3127 neque
849 3058 992 3110 Chiis
1056 3074 1233 3126 neque
1266 3122 1269 3123 ⁷
1298 3057 1687 3124 Methymnaeis
1751 3058 2103 3109 Athenienses

203 3150 460 3218 eripuisse
517 3153 877 3204 autonomiam
935 3138 1324 3219 commemoret,
1384 3168 1619 3204 servasse
1677 3150 1831 3202 Chios
1888 3154 1938 3202 et
1994 3147 2102 3199 Me-

202 3242 515 3308 thymnaeos
562 3246 793 3298 eundem
839 3247 1067 3298 civitatis
1107 3250 1302 3298 statum
1338 3246 1702 3313 libertatisque
1740 3243 2102 3295 condicionem

203 3351 297 3403 pro
337 3341 476 3388 certo
514 3338 772 3392 affirmare
809 3340 958 3406 licet3
1016 3341 1322 3408 praesertim
1368 3356 1492 3391 cum
1527 3342 1851 3407 reputenmS,
1900 3335 2102 3386 nullam

202 3432 368 3484 fuisse
424 3448 656 3500 causam,
714 3449 810 3484 cur
836 3431 1021 3485 ’300113
1078 3434 1319 3484 011111111111
1374 3432 1694 3484 fidelissimis
1750 3429 2102 3481 Athenienses

205 3527 564 3579 autonomiam
601 3527 908 3593 adimerent,
947 3527 1052 3577 nisi
1089 3526 1166 3577 illi
1206 3526 1545 3589 defecissent,
1607 3523 1747 3591 quod
1787 3521 2003 3591 quidem
2041 3536 2100 3571 eo
