2320 3822
284 25 356 78 54

430 169 679 239 Denique
718 169 1037 238 BoeckhiUS,
1086 188 1210 224 cum
1247 188 1425 240 neque
1461 174 1805 241 reputaverit,
1845 165 2194 240 Mytilenaeas

286 281 346 317 eo
384 268 636 333 tempore,
687 282 792 334 quo
839 265 1019 317 habita
1066 270 1146 318 est
1193 268 1375 334 oratiO,
1423 283 1533 318 non
1578 266 1743 343 fuisse
1783 269 1969 336 sociOS,
2018 282 2195 336 neque

284 340 628 428 perspexerit,
666 359 844 411 locuni
883 377 997 412 esse
1038 360 1401 428 depravatum,
1448 378 1626 429 neque
1664 361 1871 428 viderit,
1916 361 2053 430 illos,
2101 362 2195 431 qui

285 455 607 506 instruerent
657 451 792 512 δίκας
832 452 928 506 ἀπὸ
970 453 1234 524 ξυμβόλων,
1273 455 1409 509 alius
1460 454 1608 507 urbis
1653 455 1818 507 factos
1869 472 1985 508 esse
2035 457 2195 524 civeS,

285 547 397 600 fieri
434 564 544 599 non
582 549 773 616 potuit,
825 549 956 616 quin
995 550 1051 600 in
1090 565 1311 618 magnos
1357 549 1614 602 incideret
1663 566 1875 603 errores.
1953 549 2196 603 Primum

285 646 438 709 errat,
480 643 622 710 quod
663 643 790 695 dicit
829 643 918 710 (st.
942 643 986 710 I,
1008 644 1151 710 530),
1191 644 1423 696 actiones
1463 644 1743 712 sociorum,
1781 645 1814 696 i.
1850 662 1892 697 e.
1936 643 2194 709 ὑποτελῶν,

285 754 584 805 numquam
640 738 924 806 appellatas
974 755 1088 790 esse
1136 736 1270 797 δίκας
1320 736 1415 791 ἀπὸ
1456 736 1716 808 ξομρόλων.
1811 738 2019 792 Deinde
2066 740 2197 793 falso

286 831 574 898 contendit,
622 831 757 899 illos,
810 832 904 900 qu'i
955 833 1300 901 emigrabant,
1339 834 1396 884 in
1435 833 1604 901 patria
1641 850 1739 884 sua
1776 831 1912 893 δίκας
1951 833 2047 886 ἀπὸ
2087 839 2197 905 ξυμ-

285 925 442 996 βόλων
483 943 636 995 agere
674 942 786 978 non
824 928 1075 995 potuisse.
1154 927 1322 979 Multo
1362 931 1541 979 autem
1578 928 1748 995 magis
1786 928 1842 979 in
1883 945 1944 981 eo
1980 929 2197 998 fallitur,

287 1021 429 1088 quod
467 1022 637 1089 pergit
677 1020 768 1087 (St.
810 1021 853 1088 I,
891 1022 1040 1086 530):
1095 1022 1285 1088 „Auch
1340 1039 1492 1074 muss
1531 1038 1657 1073 man
1697 1021 1790 1074 das
1827 1022 2072 1091 folgende
2109 1025 2199 1078 be-

286 1116 473 1167 achten
534 1113 648 1168 οὐδὲ
710 1114 902 1186 φεύγων
961 1115 1012 1167 τὸ
1070 1117 1257 1184 πλῆθος
1310 1115 1362 1167 τὸ
1417 1114 1661 1186 ὑμέτερον.
1758 1116 1936 1183 „Mein
1981 1117 2199 1188 Vater‘f,

287 1215 402 1279 sagt
440 1210 531 1262 der
567 1209 795 1277 Redner,
847 1209 1028 1276 „flieht
1076 1211 1224 1262 nicht
1273 1211 1365 1263 das
1416 1211 1623 1263 Urtheil
1675 1211 1766 1263 der
1803 1212 2056 1281 Athener,
2098 1214 2199 1266 wie

280 1307 420 1373 jene,
459 1305 655 1357 welche
702 1323 886 1357 ausser
934 1304 1143 1361 Laudes
1194 1306 1366 1374 gehen
1419 1306 1533 1358 und
1582 1306 1724 1357 dann
1776 1304 1912 1366 δίκας
1951 1305 2050 1360 ἀπὸ
2087 1312 2198 1379 ξυμ-

286 1398 444 1470 βόλων
485 1401 792 1453 anstellen.“
870 1399 1069 1452 Waren
1118 1401 1202 1453 die
1252 1398 1383 1452 δίκαι
1431 1398 1528 1452 ἀπὸ
1579 1400 1829 1470 ξυμβόλων
1867 1402 1982 1455 hier
2026 1402 2198 1472 gleich

288 1495 390 1547 den
447 1495 503 1546 in
562 1495 739 1547 Athen
798 1494 1223 1547 ausschliesslich
1280 1495 1700 1564 abgeurtheilten
1758 1496 2049 1549 Prozessen
2108 1498 2201 1551 der

285 1589 705 1657 unterwiirfigen
745 1589 1247 1658 Bundesgenossen,
1287 1607 1344 1642 so
1382 1590 1584 1642 veriore
1625 1592 1777 1657 jener
1815 1589 2005 1643 Zusatz
2053 1593 2201 1645 seine

287 1684 624 1752 Bedeutung.
713 1683 878 1751 Kurz,
931 1700 1035 1734 nur
1086 1680 1243 1736 uuter
1290 1685 1381 1737 der
1418 1684 1874 1753 Voraussetzung,
1923 1685 2045 1738 dass
2075 1688 2202 1754 Jene

287 1781 435 1833 mehr
474 1779 763 1832 Sicherheit
803 1778 894 1829 des
932 1777 1157 1829 Rechtes
1207 1777 1384 1846 boten,
1434 1780 1524 1831 hat
1578 1779 1662 1831 die
1701 1778 1860 1831 Stelle
1907 1779 1998 1832 des
2043 1780 2201 1832 Anti-

288 1876 430 1944 phon
479 1875 633 1926 einen
687 1858 835 1925 Sinn.
933 1872 1036 1924 Sed
1077 1871 1235 1924 verba
1285 1873 1375 1924 illa
1412 1871 1557 1936 ,,οὐδὲ
1596 1871 1789 1943 φεύγων
1828 1872 1880 1924 τὸ
1920 1876 2108 1943 πλῆθος
2145 1875 2199 1928 τδ

291 1970 550 2040 ὑμέτερονίί
589 1985 932 2036 nequaquam
973 1967 1037 2018 ad
1077 1966 1166 2018 illa
1205 1964 1371 2029 ,,δίκας
1411 1965 1507 2019 ἀπὸ
1541 1967 1795 2038 συμβόλων
1817 1966 1926 2037 ὑμῖν
1946 1969 2202 2039 δικαζομέ-

289 2071 425 2124 νους“
475 2063 763 2130 referenda,
813 2063 904 2115 sed
954 2063 1069 2130 ipsa
1119 2079 1213 2130 per
1260 2079 1315 2114 se
1365 2062 1682 2130 explicanda
1731 2067 1871 2115 sunt.
1965 2063 2201 2117 Tertium

290 2162 433 2213 enim
483 2176 654 2228 genus
707 2157 1150 2224 Mytilenaeorum
1202 2157 1305 2208 illis
1345 2156 1556 2209 duobus
1603 2157 1832 2225 additur,
1884 2159 1977 2226 qui
2016 2175 2201 2212 omnes

289 2255 343 2307 id
381 2255 602 2321 faciunt,
643 2253 786 2322 quod
827 2258 1025 2321 patrem
1064 2253 1233 2304 facere
1272 2255 1442 2303 orator
1478 2255 1653 2320 negat,
1693 2256 1744 2304 et
1780 2253 1819 2303 ii
1858 2257 2203 2321 segregantur

290 2349 592 2418 particulis:
635 2346 724 2400 οὐκ
762 2381 830 2384 -
870 2346 984 2400 οὐδὲ
1026 2380 1092 2385 ——
1133 2345 1273 2399 οόδὲῑ

552 2442 640 2495 οὐκ
680 2441 951 2513 ἀποστεριῖν
991 2442 1161 2494 ἑαυτὸν
1200 2446 1290 2494 τῶν
1331 2441 1398 2500 εἰς
1435 2440 1520 2510 την
1559 2439 1697 2493 πόλιν
1737 2439 1932 2499 οὐδενός

552 2536 654 2590 οὐδ’
700 2537 865 2608 ἑτέρας
904 2537 1093 2596 πόλεως
1132 2535 1328 2605 πολίτης
1365 2535 1679 2606 γεγενημένος

552 2631 664 2685 οὐδὲ
704 2632 895 2704 φεύγων
936 2654 987 2684 το
1026 2634 1212 2701 πλῆθος
1250 2631 1304 2683 τὸ
1343 2629 1583 2701 ὑμέτερον.

436 2727 534 2779 1113
581 2728 839 2796 exempla,
893 2745 1028 2795 quae
1076 2726 1236 2779 verbo
1281 2722 1443 2796 ὥσπερ
1494 2726 1801 2792 afferuntur,
1849 2741 1958 2777 non
2008 2724 2074 2777 ad
2122 2740 2202 2777 se-

296 2840 466 2893 quens
505 2823 843 2891 participium
882 2820 995 2874 οὐδὲ
1036 2820 1244 2892 φεύγων,
1294 2821 1385 2873 sed
1435 2820 1499 2872 ad
1541 2820 1651 2872 sola
1688 2819 2054 2872 antecedentia
2090 2816 2197 2872 οὐδ’

295 2916 567 2987 ἀποστερῶν
608 2949 675 2953 ——-
715 2915 828 2969 οὐὸὲ
868 2914 1064 2985 πολίτης
1103 2915 1417 2985 γεγενημένος
1466 2900 1593 2967 sunt
1635 2914 1922 2967 referenda.
1999 2912 2201 2966 Verba:

295 3010 439 3077 ,,οόδὲ
489 3010 682 3082 φεύγων
733 3010 785 3062 τὸ
837 3013 1023 3079 πλῆθος
1072 3010 1123 3062 τδ
1166 3009 1409 3080 ὑμέτερον,
1456 3008 1565 3068 τοὺς
1617 3006 1662 3060 δ’
1706 3005 1835 3065 οἵους
1883 3004 2018 3075 ὑμεῖς
2058 3010 2205 3076 μισῶν

298 3106 629 3178 συκοφάνταςίό
668 3122 775 3157 11011
816 3110 1053 3173 spectant
1092 3106 1156 3157 ad
1196 3085 1302 3171 eos,
1353 3105 1447 3173 qui
1493 3105 1549 3155 in
1598 3103 1723 3155 foris
1760 3101 1987 3169 alicujus
2025 3101 2205 3170 oppidi

297 3218 484 3255 causas
536 3200 790 3253 adversus
838 3200 1195 3252 Athenienses
1259 3198 1504 3268 agebant,
1562 3197 1655 3250 sed
1710 3196 1778 3248 ad
1832 3211 1939 3262 eOS,
1998 3195 2091 3264 qui
2146 3195 2203 3248 in

299 3296 492 3362 causis,
543 3311 679 3363 quae
730 3294 964 3362 agendae
1016 3299 1163 3345 erant
1200 3293 1446 3359 Athenis,
1495 3293 1809 3362 priusquam
1859 3305 2047 3342 causas
2084 3305 2205 3358 age-

297 3390 446 3457 bant,
498 3389 726 3459 pecunia
776 3392 1106 3440 accusatores
1152 3386 1419 3455 improbos
1467 3386 1567 3439 sibi
1619 3383 1972 3438 conciliabant
2018 3387 2070 3436 et
2105 3383 2205 3436 hoc

298 3485 454 3537 modo
506 3500 723 3536 causam
773 3482 989 3534 omnino
1036 3497 1142 3532 non
1195 3480 1549 3548 instruebant,
1599 3479 1691 3533 sed
1731 3478 1999 3547 judicium
2034 3476 2205 3546 plebis
