2320 3822
249 29 281 82 8

249 175 390 227 sium
435 189 629 242 genera
677 172 892 238 fuerint,
945 174 1106 239 atque
1142 202 1212 209 —-
1250 175 1313 223 ut
1349 172 1478 223 haec
1515 170 1904 239 praecipiamus
1941 201 2011 207 —
2051 169 2157 224 duo

246 270 411 321 fuisse
462 268 726 319 sociorum
775 282 985 335 genera,
1051 262 1332 335 αὐτονόμων
1383 269 1435 317 et
1485 263 1744 327 ὑποτελῶν,
1795 262 1892 314 ubi
1942 264 2159 316 demon-

249 363 608 429 straverimUS,
645 360 1082 429 investigandum
1112 360 1269 412 nobis
1301 361 1415 427 erit,
1456 376 1721 428 quaenam
1746 358 2004 410 libertatis
2034 373 2159 408 con-

249 457 388 508 dicio
429 473 490 507 ac
527 472 708 508 rerum
745 454 1084 524 publicarum
1124 457 1292 507 status
1329 454 1511 506 fuerit:

770 550 818 616 1)
861 550 1125 601 sociorum
1164 546 1460 619 αὐτονόμων,

767 644 818 711 2)
860 645 1124 695 sociorum
1164 641 1421 696 ὑποτελῶν.

390 738 526 790 Tum
566 739 781 790 demum
817 738 1186 807 indagandum
1236 738 1392 789 nobis
1441 737 1556 805 erit,
1610 736 1753 803 quod
1789 735 1949 786 fuerit
1980 735 2072 802 jus
2110 737 2162 786 et

241 833 569 899 jurisdictio:

771 927 818 993 1)
859 927 1125 978 sociorum
1164 924 1458 995 αὐτονόμων,

769 1022 819 1087 2)
861 1022 1126 1082 sociorum
1166 1019 1421 1073 ὑποτελῶν.

1151 1189 1270 1255 §a

395 1301 787 1364 Quaerentibus
826 1304 999 1371 nobiS,
1041 1308 1171 1373 'quot
1206 1305 1406 1357 fuerint
1445 1305 1712 1355 sociorum
1749 1302 2165 1354 Atheniensium

247 1413 458 1466 genera,
497 1397 946 1466 proficiscendum
985 1403 1064 1451 est
1102 1417 1133 1451 a
1169 1399 1498 1466 Thucydidis
1535 1399 1650 1450 loco
1688 1397 1733 1465 Ι,
1765 1399 1854 1465 97,
1891 1397 1947 1449 1;
1987 1394 2165 1466 ,,ἡγοό-

249 1512 383 1562 μενοι
422 1491 475 1544 δὲ
516 1490 797 1562 αὐτονόμων
835 1492 889 1544 τὸ
927 1498 1112 1564 πρῶτον
1149 1498 1239 1545 τῶν
1279 1492 1547 1565 ξυμμάχων
1576 1489 1661 1544 καὶ
1693 1489 1790 1543 ἀπὸ
1830 1495 1998 1544 κοινῶν
2037 1489 2166 1552 ξυνό-

249 1590 346 1639 δων
385 1586 715 1658 βουλευόντων
755 1587 934 1640 τοσάδε
972 1590 1183 1658 ἐκῆλθον
1222 1588 1426 1659 πολέμῳ
1466 1589 1555 1656 (30.
1598 1586 1643 1638 οἱ
1677 1584 2005 1655 Ἀθηναῖοι)“;
2049 1587 2167 1655 qui-

247 1683 351 1735 bus
390 1700 458 1735 ex
490 1682 665 1735 verbis
701 1684 960 1751 sequitur,
999 1686 1062 1735 ut
1097 1684 1252 1735 initio
1293 1683 1556 1736 societatis
1587 1698 1771 1734 omnes
1803 1682 1934 1734 socii
1969 1680 2181 1733 fuerint.

251 1775 525 1847 αὐτόνομοι.
602 1777 706 1830 Sed
743 1778 1020 1846 paullatim
1059 1779 1303 1847 singulae
1342 1777 1503 1829 urbes
1540 1777 1852 1843 foederatae,
1903 1792 2028 1828 cum
2079 1775 2167 1827 de-

247 1873 500 1925 fecissent
558 1872 622 1923 ab
679 1872 1122 1940 AtheniensibUS,
1191 1873 1328 1925 bello
1397 1872 1632 1924 devictae
1700 1872 1860 1939 atque
1917 1870 2168 1922 subactae

251 1971 405 2019 sunt:
465 1966 626 2018 Thuc.
668 1967 710 2035 Ι,
749 1969 837 2034 96,
875 1967 939 2019 4:
1000 1964 1227 2030 ,,Ναξίοις
1279 1964 1334 2018 δὲ
1386 1963 1627 2018 ἀποστᾶσι
1675 1964 1798 2035 μετὰ
1848 1968 2003 2017 ταῦτα
2055 1966 2168 2017 ἐπο-

250 2062 469 2132 λέμησαν
521 2059 605 2114 καὶ
656 2059 911 2132 πολιορκίᾳ
948 2059 1327 2132 παρεστήσαντο.
1375 2059 1542 2132 πρώτη
1589 2079 1642 2111 τε
1691 2056 1815 2128 αὕτη
1865 2058 2004 2120 πόλις
2057 2063 2168 2130 ξυμ-

251 2155 399 2229 μαχὶς
436 2156 568 2227 παρὰ
607 2156 661 2208 τὸ
700 2156 1003 2225 καθεστηκὸς
1043 2155 1312 2225 ἐδουλώθη,
1354 2153 1522 2207 ἔπειτα
1561 2152 1616 2205 δὲ
1654 2151 1738 2206 καὶ
1775 2158 1864 2206 τῶν
1903 2149 2066 2207 ἄλλων
2104 2152 2169 2213 ὡς

252 2250 432 2321 ἑκάστῃ
474 2250 687 2322 ξυνέβη.“
779 2251 978 2304 Omnes
1028 2256 1207 2304 autem
1245 2250 1405 2303 urbes
1442 2250 1561 2300 illas
1599 2281 1669 2285 —
1707 2253 1912 2318 praeter
1947 2247 2168 2301 Lesbios

252 2351 303 2398 et
342 2345 498 2397 Chios
537 2378 605 2382 —-
644 2347 702 2397 in
743 2347 1052 2399 servitutem
1099 2348 1174 2398 ita
1224 2362 1339 2398 esse
1385 2345 1627 2397 redactos
1666 2341 2068 2412 (ἐδουλώθησαν),
2106 2346 2169 2395 ut

253 2441 558 2493 autonomi-a
608 2440 959 2508 privarentur,
1011 2441 1161 2493 docet
1210 2456 1309 2506 nos
1361 2455 1486 2490 cum
1538 2437 1699 2489 Thuc.
1740 2437 1842 2505 ΙΙΙ,
1886 2438 1971 2505 10,
2009 2438 2059 2490 5.
2102 2439 2162 2491 6:

253 2533 512 2599 ,,ἀδόνατοι
563 2532 616 2585 δὲ
670 2529 799 2593 ὄντες
847 2533 965 2587 καθ’
1008 2535 1060 2586 ἓν
1107 2533 1356 2604 γενόμενοι
1403 2532 1484 2585 διὰ
1534 2530 1849 2603 πολυψηφίαν
1889 2530 2167 2602 ἀμύνεσθαι

253 2629 298 2682 οἱ
338 2628 583 2700 ξύμμαχοι
622 2627 965 2699 ἐδουλώθησαν
1003 2629 1128 2699 πλὴν
1166 2628 1301 2699 ἡμῶν
1339 2625 1424 2680 καὶ
1461 2624 1627 2680 Χίων·
1675 2625 1816 2697 ἡμεῖς
1863 2625 1918 2679 δὲ
1970 2625 2167 2680 αὐτόνο-

255 2745 335 2795 μοι
374 2723 434 2793 δὴ
475 2719 605 2782 ὄντες
645 2721 726 2775 καὶ
767 2722 1020 2795 ἐλεύθεροι
1070 2728 1138 2794 τῷ
1180 2722 1381 2793 ὀνόματι
1428 2721 1925 2793 ξυνεστρατεύσαμενίί
1963 2754 2033 2760 -
2072 2721 2168 2774 ubi

256 2817 550 2888 αὐτονόμους
591 2817 713 2870 εἶναι
752 2820 1038 2888 opponitur
1066 2818 1228 2871 verbo
1267 2818 1580 2886 δουλωθῆναι
1618 2849 1705 2884 -,
1744 2821 1861 2869 tum
1879 2816 2041 2869 Thuc.
2064 2816 2167 2884 ΙΙΙ,

258 2915 342 2981 11,
385 2914 439 2965 1:
494 2910 606 2975 ,,καὶ
659 2913 702 2965 εἰ
754 2911 839 2982 μὲν
892 2911 1152 2982 αὐτόνομοι
1203 2910 1273 2964 ἔτι
1319 2907 1442 2982 ἦμεν
1491 2908 1715 2974 ἅπαντες,
1765 2909 2070 2982 βεβαιότεροι
2107 2906 2166 2963 ἄν

254 3006 367 3078 ἡμῖν
406 3003 530 3077 ἦσαν
570 3005 720 3077 μηδὲν
758 3007 1050 3078 νεωτεριεῖν·
1101 3005 1408 3078 ὑποχειρίους
1458 3005 1512 3058 δὲ
1565 3004 1758 3077 ἔχοντες
1808 3005 1918 3064 τούς
1956 3001 2166 3068 πλείους,

254 3102 367 3173 ἡμῖν
420 3100 473 3154 δὲ
525 3100 623 3154 ἀπὸ
674 3106 759 3154 τοῦ
804 3100 910 3154 ἴσου
962 3100 1238 3171 ὁμιλοῦντες
1290 3101 1385 3154 οϊοζ
1431 3142 1440 3152 .
1483 3140 1496 3152 .
1540 3101 1586 3151 .“
1684 3099 1832 3162 Quae
1880 3098 2044 3152 verba
2091 3099 2167 3150 ita

256 3197 652 3267 interpretanda
709 3201 862 3249 sunt:
946 3196 1135 3265 „Quod
1193 3197 1238 3248 si
1288 3197 1399 3264 jam
1456 3211 1639 3247 omnes
1696 3194 1871 3246 adhuc
1925 3210 2165 3247 essemus

259 3290 530 3361 αὐτόνομοι,
590 3293 777 3345 certior
813 3292 969 3344 nobis
1009 3294 1147 3344 esset
1183 3290 1333 3359 fides,
1391 3306 1500 3342 non
1551 3305 1641 3341 003
1690 3290 1816 3340 novi
1875 3289 2166 3357 quicquam

256 3387 532 3441 molituros
557 3403 722 3461 10330,
774 3404 923 3439 nunc
971 3389 1148 3440 autem
1199 3402 1309 3438 non
1359 3401 1543 3438 omnes
1582 3387 1710 3436 sunt
1748 3380 2020 3452 αὐτόνομοι,
2071 3381 2166 3434 3οᾶ

256 3482 496 3551 plerique
535 3483 799 3535 sociorum
838 3481 1061 3550 subJecti
1081 3481 1494 3534 Atheniensiiun
1519 3479 1753 3548 ,imperio
1793 3474 2081 3548 (ὑποχείριοι
2103 3475 2162 3542 “,;
