2320 3822
1933 27 2004 81 49

258 173 356 226 Sed
419 188 680 242 quaenam
733 171 1059 238 reliquarum
1115 186 1395 221 causarum
1450 161 1580 221 ratio
1629 169 1767 220 fuit?
1852 169 2005 222 Locis

116 267 380 333 omnibus,
439 265 636 334 quibus
676 265 739 316 de
778 264 951 315 causis
990 263 1179 330 agitur,
1220 279 1355 330 quae
1394 266 1541 314 erant
1576 263 1715 313 inter
1752 265 1918 315 socios
1957 268 2007 315 et

113 361 482 426 Athenienses,
539 374 727 410 causae
782 358 902 409 illae
958 356 1288 424 appellantur
1343 354 1504 419 ,,ὂίκαι
1559 354 1655 407 ἀπὸ
1709 355 2005 426 συμβόλωνίί.

116 453 468 516 Quamobrem
516 452 669 503 nobis
717 451 1079 519 quaerendum
1118 454 1211 517 est,
1265 450 1446 518 quales
1483 450 1682 502 fuerint
1719 454 1769 501 et
1809 451 2005 518 quibus

113 549 170 600 in
205 547 333 598 foris
370 549 657 599 instructae
696 547 802 596 31111
838 545 956 596 11100
995 542 1124 595 δίκαι
1163 541 1258 595 ἀπὸ
1300 542 1564 615 συμβόλων.

254 641 320 693 In
357 645 464 693 tota
500 642 597 692 hac
636 656 795 691 causa
832 637 1273 707 proficiscendum
1311 642 1389 689 031
1427 638 1492 689 ab
1513 639 1858 707 Antiphontis
1895 639 2008 690 1000

113 757 159 788 π.
195 756 234 787 τ.
265 734 481 806 εΗρρωὸ.
511 754 613 805 φον.
637 734 666 799 ξ
691 734 772 785 78.
849 732 1026 783 Verba
1064 733 1280 783 oratoris
1319 732 1590 784 codicibus
1626 733 1784 784 nobis
1820 734 2009 785 tradita

114 834 239 882 sunt
283 831 434 882 haec:
494 829 566 891 ,,εἰ
614 826 650 879 δ’
706 829 755 879 ἐν
796 824 927 897 Αἴνῳ
977 828 1259 898 χωροφιλεῖ,
1316 831 1454 878 τοῦτο
1503 824 1591 879 οὐκ
1640 825 1914 897 ἀποστερῶν
1952 848 2008 896 γε

111 929 200 976 τῶν
258 924 325 983 εἰς
380 923 463 992 τὴν
520 921 656 974 πόλιν
713 921 881 973 ἑαυτὸν
939 919 1144 982 οὐδενὸς,
1202 918 1298 972 οὐδ’
1358 920 1523 991 ἑτέρας
1573 920 1762 980 πόλεως
1812 919 2008 990 πολίτης

111 1017 439 1088 γε·ενημε’,νος,
498 1014 656 1087 ὥσπερ
707 1015 894 1086 ἑτέρους
944 1013 1041 1084 ὁρῶ
1083 1014 1192 1073 τοὺς
1244 1013 1328 1084 μὲν
1377 1015 1443 1074 εἰς
1493 1016 1576 1086 τὴν
1614 1012 1817 1087 ἤπειρον·
1848 1015 2007 1074 ἰόντας

111 1109 193 1163 καὶ
231 1112 476 1169 οἰκοῦντας
527 1112 576 1162 ἐν
614 1111 708 1168 τοῖς
746 1107 993 1179 πολεμίοις
1030 1110 1126 1167 τοῖς
1166 1107 1424 1179 ὑμετέροις,
1463 1108 1545 1161 καὶ
1584 1108 1718 1170 δίκας
1757 1108 1854 1162 ἀπὸ
1889 1130 2008 1183 ,συμ-

110 1205 268 1277 ’βόλων
327 1204 432 1274 ὑμῖν
488 1203 842 1274 δικαζομένους,
901 1201 1012 1255 οὐδὲ
1070 1202 1262 1274 φεύγων
1319 1204 1371 1255 τὸ
1418 1205 1605 1272 πλῆθος
1660 1205 1712 1257 τὸ
1766 1203 2007 1275 ὑμέτερον,

110 1299 218 1358 τούς
268 1298 304 1351 δ’
358 1297 484 1357 οἵους
533 1297 664 1368 ὑμεῖς
716 1302 862 1368 μισῶν
915 1296 1256 1368 συκοφάντας.“
1330 1298 1447 1349 Viri
1486 1299 1624 1350 docti
1661 1315 1862 1366 omnes,
1915 1300 2009 1367 qui

110 1394 254 1445 hunc
290 1394 466 1444 locum
503 1396 808 1458 tractarunt,
849 1409 970 1443 cum
1008 1410 1116 1443 11011
1138 1393 1547 1461 perspexissent,
1587 1393 1867 1461 depravata
1894 1408 2008 1444 esse

109 1487 270 1539 verba
307 1488 539 1553 oratoris,
588 1486 702 1537 fieri
751 1502 859 1536 11011
907 1488 1078 1554 potuit
1118 1488 1248 1554 quin
1287 1488 1343 1537 in
1383 1503 1581 1538 errores
1619 1488 1913 1539 inciderent
1950 1488 2006 1538 in

110 1580 284 1633 verbis
339 1580 759 1648 interpretandis,
840 1578 1190 1641 Quamobrem
1238 1581 1398 1632 verba
1446 1582 1662 1632 oratoris
1703 1582 2007 1649 diligentius

110 1675 372 1743 explicare
427 1678 586 1741 atque
642 1675 921 1726 emendare
978 1676 1212 1740 institui3
1271 1679 1387 1726 tum
1445 1675 1659 1743 quidem
1714 1676 1863 1743 parvi
1912 1675 2008 1727 erit

109 1769 307 1837 negotii
343 1768 500 1819 falsas
537 1769 773 1819 virorum
811 1769 1084 1819 doctorum
1123 1771 1407 1821 sententias
1445 1770 1691 1822 refellere.

252 1862 326 1914 Ut
382 1863 580 1914 leviora
637 1862 922 1929 absolvam,
992 1879 1116 1914 011111
1152 1862 1364 1914 Reiskio
1422 1879 1609 1915 censeo
1665 1862 2009 1914 inserendum

109 1973 224 2009 esse
280 1957 480 2019 ,,ποιεῖ“,
539 1960 630 2008 0111
686 1956 1116 2009 subaudiendum
1171 1958 1269 2008 1100
1315 1957 1538 2009 verbum
1589 1957 1824 2023 arbitror,
1883 1958 2008 2025 quia

107 2052 406 2119 requiratur
460 2051 769 2119 primarium
826 2052 1188 2119 enunciatum,
1247 2053 1400 2119 cujus
1452 2052 1686 2118 subJ'ecto
1735 2052 2007 2120 participia

108 2145 198 2197 illa
235 2143 535 2215 ,,ἀποοτερῶν
574 2145 704 2196 010.“
746 2145 1116 2214 adjungantur.

253 2239 457 2292 Deinde
504 2240 718 2290 oratoris
756 2239 917 2291 verba.
956 2240 1262 2308 diligentius
1300 2241 1668 2309 inspicientem
1706 2256 1814 2290 non
1852 2239 2005 2307 fugit,

112 2334 216 2385 duo
255 2351 368 2386 esse
404 2350 597 2403 genera
633 2332 1092 2402 Mytilenaeorum,
1146 2336 1238 2402 qui
1277 2335 1331 2386 id
1367 2334 1586 2401 faciunt,
1628 2334 1770 2401 quod
1808 2338 2006 2402 patrem

113 2429 300 2493 (civem
335 2428 739 2495 Mytilenaeum).
791 2427 959 2480 facere
998 2432 1174 2481 orator
1202 2433 1374 2497 negat.
1452 2428 1596 2480 Patri
1636 2431 2003 2497 opponuntur:

110 2522 364 2589 primum:
433 2538 603 2589 genus
659 2521 1101 2588 Mytilenaeorum
1165 2539 1365 2590 eorum,
1437 2524 1529 2591 qui
1575 2539 1642 2590 ,se
1700 2522 2008 2574 subducunt

104 2615 461 2681 jurisdictioni
516 2619 568 2666 et
604 2614 788 2667 officiis
828 2632 954 2667 suae
991 2617 1228 2685 ipsorum
1266 2618 1492 2668 civitatis
1532 2614 1824 2687 (ἀποστερῶν
1863 2618 2004 2682 010),

113 2708 302 2760 deinde
347 2725 518 2776 genus
569 2724 768 2777 eorum,
827 2711 920 2778 qui
959 2712 1099 2762 cives
1136 2710 1260 2763 facti
1298 2716 1424 2763 sunt
1461 2712 1596 2763 alius
1635 2711 1782 2762 urbis
1822 2710 2005 2780 (ἑτέρας

110 2800 299 2861 πόλεως
354 2800 550 2870 πολίτης
606 2802 950 2872 γεγενημένος).
1035 2804 1170 2855 Τ11111
1215 2805 1426 2857 1110111111
1475 2806 1700 2857 duorum
1750 2819 2004 2872 generum

110 2894 550 2962 Mytilenaeorum
619 2898 861 2966 exempla
916 2901 1085 2948 orator
1140 2899 1285 2951 affert
1340 2899 1514 2951 verbis
1571 2895 1760 2968 ,ὥσπερ
1816 2896 2004 2968 ἑτέρους

46 2996 53 2999 ’
111 2987 246 3060 ὁρῶίί.
319 2990 495 3043 Etiam
548 2992 758 3044 illorum
809 2990 984 3061 ἑτέρων
1034 2992 1290 3061 distingui
1328 2993 1392 3044 ab
1432 2998 1629 3045 oratore
1669 2993 1773 3043 duo
1811 3007 2004 3059 genera

112 3084 300 3135 docent
318 3085 478 3136 verba
515 3086 651 3150 ,,τοὸς
693 3085 821 3156 μένίί,
858 3090 912 3137 01
947 3087 1094 3154 prius
1132 3103 1303 3155 genus
1343 3088 1456 3139 sine
1497 3086 1657 3138 dubio
1697 3089 1775 3136 est
1804 3101 2002 3147 eorum,

113 3178 205 3244 qui
261 3179 625 3246 significantur
680 3180 879 3232 verbis:
940 3180 1078 3243 ,,τοῦς
1129 3179 1213 3250 μὲν
1266 3181 1331 3239 εἰς
1369 3180 1453 3249 τὴν
1492 3176 1688 3250 ἤπειρον
1726 3177 1882 3234 ἰόντας
1920 3173 2001 3227 καὶ

57 3277 73 3296 ’³
111 3271 355 3329 οἰκοῦντας
405 3274 454 3324 ἐν
499 3274 595 3332 τοῖς
641 3272 874 3344 πολεμίας
920 3275 1015 3333 τοῖς
1067 3273 1365 3344 ὑμετέροιςίίε
1427 3273 1622 3342 quibus
1669 3270 2001 3337 Mytilenaeis

111 3370 280 3417 orator
316 3367 484 3417 utitur
520 3369 774 3436 exemplis
813 3385 1011 3434 eorum,
1071 3370 1163 3435 qui
1214 3384 1268 3419 se
1307 3367 1615 3418 subducunt
1646 3363 1999 3430 jurisdictioni

111 3464 161 3511 et
199 3459 383 3510 Officiis
422 3461 648 3513 civitatis
689 3452 815 3513 suae
854 3460 1242 3530 (ἀποστεροῦντες
1282 3459 1479 3516 ἑαυτοὺς
1518 3463 1607 3509 τῶν
1634 3457 1702 3514 ἐἰς
1727 3456 1810 3524 τήν
1830 3454 1999 3520 πόλιν).

1657 3546 1686 3587 4
