2320 3822
281 52 348 104 36

266 194 461 246 strafen
517 195 575 245 in
633 194 969 247 offentlichen
1018 195 1409 248 Rechtssachen
1468 198 1613 248 einer
1668 214 1738 248 zu
1793 198 2004 251 starken
2060 201 2176 252 und

264 287 516 356 haufigen
565 287 935 357 Abanderung
993 290 1371 342 unterworfen:
1431 296 1609 343 waren
1656 308 1762 342 von
1811 291 1992 345 diesen
2042 293 2176 361 Pry-

265 383 477 434 taneien
517 382 680 450 erlegt
716 383 949 451 worden,
996 401 1052 435 so
1091 385 1272 437 hatten
1312 386 1387 437 sie
1425 402 1531 437 nur
1566 386 1704 436 nach
1743 386 1835 437 der
1872 385 2178 458 Schatzung

267 477 363 528 des>
397 475 622 545 Klagers
669 478 723 528 in
775 479 947 529 3611161·
983 477 1336 547 Klageschrift
1372 478 1642 531 bestimmt
1679 480 1891 533 werden
1928 481 2175 547 konnen3

267 571 378 623 dies
427 571 611 623 wurde
667 588 792 623 man
850 571 974 623 aber
1022 574 1259 624 erwahnt
1305 573 1504 640 finden,
1561 590 1719 625 wenn
1776 590 1832 625 es
1878 560 2176 644 geschehen

266 671 419 717 ware.
497 665 677 717 Wenn
716 683 759 716 z.
791 665 852 716 B4
894 666 1188 719 Aeschines
1230 668 1331 719 den
1370 667 1662 736 Ktesiphon
1702 669 1760 719 in
1799 669 1974 720 seiner
2009 668 2178 738 Klage

266 775 452 828 wegen
509 761 655 812 eines
705 760 939 812 falschen
980 761 1227 814 Gesetzes
1279 761 1458 831 (γραφὴ
1507 759 1820 831 παρανόμων)
1874 763 1958 815 (116
2004 762 2178 816 Β11336

267 854 363 905 auf
394 855 466 908 50
502 853 715 907 Talente
755 860 903 923 setzt,
962 873 1018 908 so
1069 857 1251 908 hatten
1302 856 1384 907 die
1423 855 1748 922 Prytaneien
1786 855 1968 909 beider
2002 857 2179 910 Theile

266 964 578 1000 zusammen
629 950 716 1001 ein
753 949 937 1002 Talent
987 950 1256 1019 betragen,
1306 950 1503 1002 welche
1543 950 1634 1002 der
1671 950 1997 1004 verlierende
2033 951 2181 1004 Theil

266 1043 409 1095 h'atte
465 1043 720 1095 bezahlen
777 1049 1023 1096 mussen:
1085 1046 1242 1098 allein
1303 1046 1476 1096 daven
1533 1044 1701 1096 findet
1757 1045 1869 1096 sich
1924 1045 2179 1114 nirgends

267 1141 445 1205 etwaS,
504 1137 745 1206 obgleich
805 1138 896 1190 der
944 1139 1049 1191 viel
1099 1141 1373 1207 geringere
1410 1138 1631 1190 Verlust
1682 1139 1774 1191 des
1812 1139 2036 1208 Klagers
2072 1156 2180 1191 von

270 1233 409 1286 1000
459 1230 777 1300 Drachmen,
834 1233 1031 1285 welche
1089 1250 1144 1286 er
1200 1233 1409 1300 erlegen
1476 1238 1696 1301 musste,
1752 1251 1912 1286 wenn
1970 1250 2026 1286 er
2076 1234 2180 1287 den

266 1325 475 1380 fiinften
512 1326 659 1378 Theil
707 1328 798 1379 der
836 1327 1093 1380 Stimmen
1142 1328 1289 1379 nicht
1327 1328 1528 1395 erhielt,
1586 1345 1642 1379 30
1681 1328 1864 1397 haufig
1901 1328 2181 1397 angefiihrt

267 1421 449 1472 wirffl‘.
530 1420 677 1483 Quae
733 1423 1060 1473 ratiocinatio
1108 1423 1342 1490 primum
1390 1422 1455 1473 ob
1502 1423 1641 1474 hanc
1688 1440 1906 1475 causam
1953 1440 2064 1475 non
2101 1427 2181 1475 est

268 1515 556 1583 probanda,
618 1517 761 1583 quod
811 1516 1163 1585 proficiscitur
1212 1534 1242 1568 a
1290 1518 1552 1569 sententia
1588 1517 1736 1586 falsa,
1794 1522 2050 1586 prytanea
2086 1534 2180 1587 pro

267 1614 380 1661 rata
433 1614 577 1678 parte
633 1611 894 1678 gradatim
951 1628 1065 1663 esse
1123 1615 1303 1678 aucta,
1364 1612 1572 1680 deinde,
1633 1613 1776 1680 quod
1833 1613 1978 1680 dicit,
2033 1612 2181 1664 litem

271 1703 624 1773 Ctesiphontis
682 1722 796 1757 6336
855 1707 1184 1758 aestimatam
1240 1708 1311 1760 50
1367 1707 1597 1774 161611113,
1653 1707 1830 1759 libello
1885 1708 2076 1759 nititur
2122 1708 2180 1758 in

269 1799 501 1851 oratione
539 1798 911 1860 Demosthenis
950 1798 1057 1871 περὶ
1096 1822 1134 1852 τ.
1175 1799 1412 1871 στεφάνου
1448 1802 1584 1867 §54
1607 1802 1695 1869 55,
1738 1817 1899 1870 quem
1937 1802 2182 1871 spurium

269 1909 383 1944 esse
439 1892 751 1960 Droysenus
822 1895 1203 1947 demonstravit
1264 1895 1478 1963 (Ztschr.
1535 1896 1568 1947 f.
1628 1896 1978 1948 Alterthwiss,
2040 1896 2180 1949 1839

268 2006 317 2056 p.
341 1989 491 2055 453);
533 1993 795 2057 postremo
834 1990 891 2040 in
931 2006 1109 2058 causa,
1148 1992 1205 2041 in
1247 2008 1353 2058 qua
1393 1994 1668 2042 accusator
1699 1994 1760 2042 ut
1785 2007 1911 2042 reus
1931 1990 2181 2043 condem-

268 2087 499 2151 naretur,
551 2085 629 2135 rei
666 2083 911 2153 publicae
950 2101 1010 2136 ac
1048 2086 1211 2137 totius
1254 2084 1501 2137 Graeciae
1546 2102 1708 2136 causa
1745 2084 2032 2153 flagitabat,
2081 2085 2181 2136 1100

272 2178 488 2245 quidem
543 2177 730 2230 fuisset
788 2179 1158 2247 deridiculum,
1217 2181 1261 2231 si
1319 2197 1349 2231 a
1398 2179 1674 2246 judicibus
1727 2183 2001 2231 accusator
2049 2179 2181 2248 peti-

270 2273 450 2338 visset,
489 2276 550 2323 ut
588 2272 653 2322 ob
692 2274 829 2324 hanc
869 2291 1085 2325 causam
1122 2291 1274 2326 reum
1314 2274 1745 2340 condemnarent,
1786 2273 1947 2341 quod,
1985 2274 2031 2324 si
2067 2274 2181 2341 ipse

271 2382 431 2419 causa
470 2367 692 2435 caderet,
730 2368 990 2419 talentum
1030 2369 1231 2420 solvere
1273 2368 1496 2420 deberet.
1575 2369 1657 2420 Ac
1695 2368 1859 2420 verba
1889 2371 2178 2436 postrema:

273 2461 547 2529 „obgleich
604 2462 695 2513 der
745 2463 847 2513 viel
897 2465 1171 2532 geringere
1208 2464 1426 2516 Verlust
1474 2464 1565 2515 des
1611 2463 1835 2532 Klagers
1881 2479 1988 2514 von
2042 2463 2182 2516 1000

270 2555 570 2608 Drachmen
610 2573 668 2607 30
707 2549 889 2624 haufig
928 2559 1208 2626 angefiihrt
1228 2552 1412 2626 wird“,
1452 2558 1651 2626 siquid
1683 2558 1750 2608 iis
1775 2558 2180 2624 demonstretur,

271 2651 370 2701 hoc
429 2651 644 2718 quidem
703 2667 864 2702 sensu
923 2657 1050 2704 sunt
1106 2652 1438 2721 accipienda:
1503 2652 1793 2720 „damnum
1850 2652 1984 2704 illud
2037 2651 2181 2704 mille

273 2744 679 2795 drachumarum
706 2748 709 2751 ’
738 2746 793 2795 111
844 2746 1127 2798 Aeschinis
1179 2748 1411 2798 oratione
1459 2764 1502 2797 0.
1554 2746 1782 2815 Ctesiph.
1837 2762 1992 2815 saepe
2039 2761 2181 2798 com-

270 2839 610 2891 memorari“:
654 2839 746 2890 sed
785 2857 908 2891 011111
948 2843 1003 2892 111
1042 2842 1140 2892 1160
1170 2843 1403 2893 oratione
1433 2858 1706 2910 nusquam
1725 2844 2180 2908 commemoretur,

274 2934 537 3002 quomodo
595 2950 662 2985 ex
719 2935 815 2985 hac
863 2952 936 3002 re,
997 2937 1139 3003 quod
1188 2937 1245 2987 in
1296 2937 1480 2988 multis
1528 2936 1705 2987 causis
1743 2934 1973 3004 publicis
2009 2951 2181 3004 poena

271 3029 415 3080 mille
454 3029 863 3080 drachumarmn
901 3035 1357 3099 commemoratur,
1415 3030 1663 3082 concludi
1700 3033 1888 3098 potest,
1925 3032 2183 3098 prytanea
2240 3053 2245 3058 ¹

272 3124 328 3174 in
368 3124 542 3174 causis
582 3122 810 3191 publicis
850 3123 1022 3174 soluta
1058 3140 1166 3175 non
1207 3140 1338 3191 esse,
1389 3125 1495 3176 nisi
1545 3128 1700 3176 antea
1750 3125 1847 3176 erit
1884 3123 2181 3175 demontra-

270 3221 404 3285 tum,
461 3221 718 3286 prytanea
773 3219 830 3268 in
880 3219 1054 3269 causis
1104 3218 1208 3268 illis
1260 3235 1526 3270 summam
1574 3219 1719 3270 mille
1771 3218 2181 3270 drachumarum

272 3313 600 3363 excessisse?
677 3311 856 3380 Pergit
892 3311 1194 3364 Boeckhius
1233 3311 1323 3379 (St.
1362 3305 1409 3379 >1,
1446 3312 1569 3365 467.
1608 3313 1763 3379 468);
1821 3311 2183 3379 „Ausserdem

277 3406 493 3474 verfolgt
543 3406 635 3458 der
685 3406 982 3458 oflentliche
1021 3406 1217 3474 Klager
1266 3406 1460 3458 keinen
1499 3408 1722 3474 eigenen
1761 3406 2017 3474 Vortheil,
2066 3405 2182 3458 und

271 3502 507 3568 gewinnt
546 3517 601 3552 er
640 3501 742 3552 den
767 3500 995 3568 Handel,
1036 3517 1092 3552 so
1129 3501 1243 3551 fallt
1282 3501 1366 3552 die
1386 3500 1559 3552 Busse
1597 3501 1745 3552 nicht
1781 3501 1910 3567 ihm,
1948 3499 2180 3552 sondern
