2320 3822
1955 51 2025 103 25

131 187 401 243 desselben
441 191 595 257 zeigt,
645 179 764 241 dass
803 189 886 241 die
924 189 1159 240 Athener
1195 191 1251 240 in
1291 190 1381 241 der
1420 190 1521 242 den
1559 192 1861 258 persischen
1898 193 2026 244 Ein-

131 283 331 336 fliissen
371 286 735 351 ausgesetzten
773 282 922 334 Stadt
959 298 1063 333 von
1095 282 1311 351 Anfang
1349 300 1415 333 an
1455 283 1566 335 ihre
1586 283 1853 336 Autoritat
1890 286 2025 338 offen

130 395 227 430 zur
281 376 512 445 Geltung
565 376 814 445 gebracht
860 374 1048 428 haben.
1126 375 1271 427 Aber
1315 377 1373 427 in
1423 375 1525 428 den
1562 375 2027 446 Vertragsbestim-

130 487 367 540 mungen
403 470 632 537 werden,
671 469 864 521 ebenso
902 470 1003 522 wie
1038 470 1095 520 in
1135 470 1237 521 den
1277 469 1500 538 iibrigen
1539 470 1635 521 auf
1659 470 1760 523 den
1780 471 2027 524 Seebund

130 565 476 634 heziiglichen
512 563 810 616 Urkunden
859 564 1202 633 regelmassig
1252 564 1327 616 als
1376 563 1576 615 Partei:
1640 564 1756 630 „die
1794 564 2029 618 Athener

131 653 243 723 ,’,καὶ
298 657 344 710 οἱ
400 656 673 729 ξύμμαχοιίί
729 662 994 726 genannt,
1050 659 1301 711 wahrend
1359 658 1449 710 der
1494 658 1718 727 Vertrag
1773 660 1869 710 mit
1926 660 2027 711 den

133 752 461 805 Chalcidiern
512 752 607 803 auf
640 752 723 804 die
759 752 996 804 Athener
1032 753 1189 805 allein
1226 753 1404 804 lautet.
1482 751 1582 804 Die
1620 751 2030 823 Verpflichtung

131 863 256 899 zum
303 845 589 898 Gehorsam
632 846 809 898 afindet
866 847 980 898 sich
1034 847 1092 897 in
1150 847 1241 899 der
1290 846 1548 898 Urkunde
1606 846 1697 898 der
1745 846 2029 913 Erythraer

131 941 293 994 nicht.
388 939 495 991 Der
549 939 712 991 Bund
767 941 965 993 konnte
1021 942 1192 993 seiner
1247 940 1419 992 Natur
1473 941 1608 992 nach
1665 939 2030 994 Unterthanen

132 1035 280 1088 nicht
338 1034 473 1086 wohl
528 1034 730 1100 haben3
790 1034 882 1087 das
938 1035 1594 1088 Unterthanenverhaltnis
1651 1035 1890 1088 schlie'sst
1946 1037 2030 1089 die

133 1128 513 1182 Verbiindeten
550 1129 723 1181 neben
764 1129 866 1181 den
903 1130 1177 1181 Athenern
1216 1128 1361 1180 (1116.ιι

279 1223 383 1277 Sed
421 1239 489 1275 ex
526 1224 626 1275 hac
662 1240 736 1291 re,
791 1224 933 1292 quod
969 1225 1027 1275 in
1065 1223 1248 1292 populi
1287 1223 1416 1275 scito
1456 1223 1520 1274 de
1557 1222 1860 1289 Erythraeis
1898 1241 2031 1277 sem-

134 1335 226 1387 per
275 1317 635 1386 appellabatur
683 1334 793 1369 una
841 1335 962 1387 pars
999 1315 1262 1386 ,,Αθηναῖοι
1307 1313 1389 1368 καὶ
1428 1315 1715 1388 ξύμμαχοιιί,
1753 1319 1810 1368 in
1848 1319 2031 1387 populi

136 1413 265 1465 scito
316 1415 494 1464 autem
551 1412 615 1463 de
666 1411 1100 1464 Chalcidensibus
1157 1409 1461 1479 ,,Ἀθηναῖοι“
1516 1412 1862 1463 nominantur
1918 1412 2030 1479 soli,

136 1505 450 1559 concludere
498 1522 607 1557 non
656 1506 794 1573 licet,
843 1505 1211 1557 Chalcidenses
1258 1505 1423 1558 fuisse
1477 1506 1672 1557 dicioni
1723 1509 1882 1574 atque
1931 1507 2030 1557 im-

134 1601 279 1670 perio
334 1600 747 1652 Atheniensium
802 1617 1015 1668 prorsus
1074 1599 1336 1667 subJectos
1400 1599 1816 1667 (Unterthanen).
1927 1599 2034 1652 Cur

136 1695 280 1748 enim
324 1696 382 1746 in
432 1695 616 1763 populi
668 1695 796 1746 scito
850 1695 913 1746 de
961 1693 1265 1760 Erythraeis
1317 1709 1524 1762 semper
1578 1694 1869 1762 appelletur
1919 1712 2030 1746 una

136 1805 281 1858 pars:
322 1787 595 1857 ,ξΑθηναῖοτ
634 1787 716 1841 καὶ
755 1787 799 1840 οἱ
839 1787 1126 1859 Εόμμαχοιίί,
1167 1791 1306 1839 certa
1338 1791 1416 1839 est
1447 1803 1634 1839 causa:
1675 1787 1775 1839 hoc
1802 1791 2034 1857 tempore

139 1885 226 1951 (—
263 1885 448 1952 paucis
486 1884 641 1934 annis
679 1886 799 1951 post
825 1882 1043 1934 Naxum
1073 1881 1379 1949 subjectam,
1421 1897 1556 1950 quae
1593 1882 1761 1950 prima
1799 1898 1867 1934 ex
1905 1884 2034 1934 civi-

137 1977 335 2030 tatibus
363 1977 640 2030 foederatis
670 1981 749 2028 est
778 1976 1013 2044 subJecta
1034 1976 1079 2043 >¹²)
1114 1980 1219 2044 -—)‚
1259 1976 1387 2027 socii
1424 1977 1515 2027 ita
1551 1975 1798 2027 valebant
1825 1976 2034 2044 opibus,

139 2076 298 2140 atque
335 2071 688 2123 Athenienses
736 2074 933 2123 ceteros
979 2071 1148 2122 socios
1195 2070 1428 2138 potentia
1482 2069 1723 2121 nondum
1767 2071 1840 2121 ita
1889 2074 2034 2122 ante-

138 2165 412 2233 cellebant,
459 2169 521 2217 ut
568 2166 725 2217 etiam
775 2166 831 2215 in
883 2163 1107 2233 publicis
1148 2163 1368 2215 decretis
1406 2163 1759 2216 Athenienses
1798 2165 2035 2217 civitates

138 2262 196 2311 in
235 2260 535 2312 societatem
564 2275 736 2327 nuper
765 2260 954 2310 ascitas
981 2258 1325 2326 jurejurando
1362 2257 1462 2309 sibi
1497 2258 1620 2309 solis
1653 2257 2037 2327 obstringerent

141 2358 192 2407 et
227 2354 326 2405 hoc
363 2353 518 2405 modo
558 2354 861 2405 societatem
892 2355 1003 2421 jam
1040 2354 1096 2404 in
1135 2353 1544 2404 Atheniensium
1594 2353 1877 2421 imperium
1914 2369 2038 2404 con-

138 2444 347 2501 versam
393 2465 508 2501 esse
545 2448 731 2517 palam·
757 2448 1104 2500 ostenderent.
1182 2447 1363 2515 Atque
1413 2450 1589 2498 tamen
1626 2447 1683 2497 in
1722 2447 1819 2498 hoc
1855 2447 2038 2515 populi

142 2543 271 2595 scito
329 2542 392 2595 de
441 2543 744 2609 Erythraeis
793 2542 994 2594 dictum
1044 2546 1122 2594 est
1173 2542 1369 2609 (extr.):
1430 2538 1574 2604 „oens
1623 2544 1712 2591 τῶν
1764 2538 2036 2610 φευγόντων

141 2637 338 2708 δέξομαι
375 2635 490 2689 οὐδὲ
528 2637 613 2689 ἕνα
651 2632 753 2688 οὔτ’
799 2635 941 2695 αὐτὸς
981 2636 1077 2706 ἐγὼ
1109 2631 1211 2688 οὔτ’
1257 2630 1393 2704 ἄλλῳ
1431 2632 1673 2704 πείσομαι,
1712 2639 1801 2686 τῶν
1840 2635 1888 2693 ἐς
1927 2632 2038 2702 Μή-

142 2734 252 2791 δους
291 2730 536 2803 φυγόντων
587 2727 740 2784 ἄνευ
791 2735 893 2800 τῆς
941 2729 1184 2800 γνώμης
1234 2733 1344 2799 τῆς
1378 2727 1728 2798 Ἀθηναίων
1775 2726 1880 2780 καὶ
1930 2732 2037 2779 τοῦ

142 2825 353 2896 δήμου.
399 2823 514 2878 οὐδὲ
563 2829 653 2877 τῶν
693 2824 930 2895 μενόντων
971 2826 1119 2885 ἐξελῶ
1151 2819 1266 2876 ἄνευ
1304 2827 1387 2892 τῆς
1426 2821 1612 2892 γνώμης
1651 2827 1733 2891 τῆς
1766 2819 2036 2889 Ἀθηναίων

142 2918 225 2974 καὶ
270 2925 356 2973 τοῦ
405 2919 607 2990 ὃήμου,“
667 2920 863 2988 quibus
913 2936 982 2972 ex
1019 2919 1194 2971 verbis
1245 2919 1526 2970 discimus:
1589 2915 2038 2983 „Atheniensibus

146 3015 318 3068 solis
347 3012 531 3067 invitis
568 3045 636 3050 --
676 3029 785 3064 non
823 3012 1244 3065 Atheniensibus
1295 3016 1346 3064 et
1384 3012 1539 3064 sociis
1577 3010 1759 3061 invitis
1798 3041 1865 3046 —
1904 3008 2038 3074 Ery-

145 3109 337 3162 thraeis
386 3125 496 3160 non
545 3108 760 3160 licuisse
807 3107 1009 3176 aliquid
1058 3107 1121 3159 de
1158 3107 1240 3158 his
1278 3105 1436 3158 rebus
1476 3105 1806 3156 constituere.
1883 3102 2039 3153 Alius

149 3219 362 3271 quoque
398 3202 589 3255 titulus
628 3201 700 3268 (O.
742 3200 791 3252 J.
832 3201 897 3252 A.
939 3200 980 3251 I.
1021 3217 1072 3251 n.
1100 3200 1184 3267 11)
1223 3199 1468 3251 Koehleri
1507 3197 1819 3250 sententiam
1855 3195 2038 3245 falsam

148 3312 263 3349 esse
313 3296 554 3348 ostendit.
648 3294 856 3347 Titulus
907 3298 986 3346 est
1035 3294 1121 3345 hic
1171 3294 1237 3359 (v.
1290 3293 1476 3358 4—6):
1536 3288 1654 3353 „mix
1705 3286 2038 3356 ἀποστήσομαι

294 3497 333 3552 *)
365 3496 502 3540 Thuc.
533 3495 570 3550 Ι,
597 3499 670 3550 98,
700 3499 752 3542 4:
786 3491 962 3555 ,,πρώτη
994 3510 1041 3537 τε
1075 3489 1185 3551 αὕτη
1218 3490 1337 3540 πόλις
1369 3490 1578 3550 ξυμμαχὶς
1610 3521 1619 3531 .
1650 3519 1662 3532 .
1694 3484 1952 3545 ἐδουλώθη.“
