<?xml version="1.0" encoding="UTF-8"?>
<!DOCTYPE html PUBLIC "-//W3C//DTD XHTML 1.0 Transitional//EN"
    "http://www.w3.org/TR/xhtml1/DTD/xhtml1-transitional.dtd">
<html xmlns="http://www.w3.org/1999/xhtml" xml:lang="en" lang="en">
 <head>
  <title>
</title>
<meta http-equiv="Content-Type" content="text/html;charset=utf-8" />
  <meta name='ocr-system' content='tesseract 3.04.00' />
  <meta name='ocr-capabilities' content='ocr_page ocr_carea ocr_par ocr_line ocrx_word'/>
</head>
<body>
  <div class='ocr_page' id='page_1' title='image "./deconditionejure00frae_0047.png"; bbox 0 0 2320 3822; ppageno 0'>
   <div class='ocr_carea' id='block_1_1' title="bbox 0 0 142 161">
    <p class='ocr_par' dir='ltr' id='par_1_1' title="bbox 0 0 142 161">
     <span class='ocr_line' id='line_1_1' title="bbox 0 0 142 161; baseline 0 3661"><span class='ocrx_word' id='word_1_1' title='bbox 0 0 142 161; x_wconf 95' lang='lat' dir='ltr'> </span> 
     </span>
    </p>
   </div>
   <div class='ocr_carea' id='block_1_2' title="bbox 1976 44 2047 96">
    <p class='ocr_par' dir='ltr' id='par_1_2' title="bbox 1976 44 2047 96">
     <span class='ocr_line' id='line_1_2' title="bbox 1976 44 2047 96; baseline 0.028 -2"><span class='ocrx_word' id='word_1_2' title='bbox 1976 44 2047 96; x_wconf 83' lang='lat'>43</span> 
     </span>
    </p>
   </div>
   <div class='ocr_carea' id='block_1_3' title="bbox 0 152 2047 349">
    <p class='ocr_par' dir='ltr' id='par_1_3' title="bbox 0 144 2047 349">
     <span class='ocr_line' id='line_1_3' title="bbox 42 152 2047 254; baseline 0.002 -19.918"><span class='ocrx_word' id='word_1_3' title='bbox 0 144 91 222; x_wconf 12' lang='lat'>&#39;1⁶⁴²-</span> <span class='ocrx_word' id='word_1_4' title='bbox 148 183 351 236; x_wconf 88' lang='lat' dir='ltr'>Theiles</span> <span class='ocrx_word' id='word_1_5' title='bbox 409 185 499 236; x_wconf 89' lang='lat' dir='ltr'>der</span> <span class='ocrx_word' id='word_1_6' title='bbox 553 183 1069 251; x_wconf 81' lang='lat' dir='ltr'>Bundesmitglieder</span> <span class='ocrx_word' id='word_1_7' title='bbox 1124 184 1443 251; x_wconf 77' lang='lat' dir='ltr'>vollstandig</span> <span class='ocrx_word' id='word_1_8' title='bbox 1501 184 1604 249; x_wconf 92' lang='lat' dir='ltr'>ein,</span> <span class='ocrx_word' id='word_1_9' title='bbox 1671 185 1803 236; x_wconf 94' lang='lat' dir='ltr'>und</span> <span class='ocrx_word' id='word_1_10' title='bbox 1873 187 2047 254; x_wconf 80' lang='lat' dir='ltr'>stieg</span> 
     </span>
     <span class='ocr_line' id='line_1_4' title="bbox 0 275 2047 349; baseline 0.001 -22"><span class='ocrx_word' id='word_1_11' title='bbox 0 277 27 342; x_wconf 63' lang='lat' dir='ltr'>[³ss</span> <span class='ocrx_word' id='word_1_12' title='bbox 105 277 263 349; x_wconf 19' lang='lat' dir='ltr'>jdas</span> <span class='ocrx_word' id='word_1_13' title='bbox 337 278 785 330; x_wconf 72' lang='lat' dir='ltr'>militarische</span> <span class='ocrx_word' id='word_1_14' title='bbox 861 275 1378 343; x_wconf 84' lang='lat' dir='ltr'>Uebergewicht</span> <span class='ocrx_word' id='word_1_15' title='bbox 1453 277 1562 328; x_wconf 92' lang='lat' dir='ltr'>des</span> <span class='ocrx_word' id='word_1_16' title='bbox 1627 277 1908 330; x_wconf 60' lang='lat' dir='ltr'>Vol-orts</span> <span class='ocrx_word' id='word_1_17' title='bbox 1981 279 2047 329; x_wconf 91' lang='lat' dir='ltr'>in</span> 
     </span>
    </p>
   </div>
   <div class='ocr_carea' id='block_1_4' title="bbox 142 369 2048 3261">
    <p class='ocr_par' dir='ltr' id='par_1_4' title="bbox 142 369 2048 3261">
     <span class='ocr_line' id='line_1_5' title="bbox 152 369 2048 438; baseline -0.001 -15"><span class='ocrx_word' id='word_1_18' title='bbox 152 372 368 423; x_wconf 91' lang='lat' dir='ltr'>einem</span> <span class='ocrx_word' id='word_1_19' title='bbox 407 371 642 437; x_wconf 84' lang='lat' dir='ltr'>Grade,</span> <span class='ocrx_word' id='word_1_20' title='bbox 699 370 922 422; x_wconf 77' lang='lat' dir='ltr'>welches</span> <span class='ocrx_word' id='word_1_21' title='bbox 961 369 1053 421; x_wconf 89' lang='lat' dir='ltr'>das</span> <span class='ocrx_word' id='word_1_22' title='bbox 1091 370 1426 438; x_wconf 78' lang='lat' dir='ltr'>paritatische</span> <span class='ocrx_word' id='word_1_23' title='bbox 1465 369 1769 422; x_wconf 75' lang='lat' dir='ltr'>Verhaltnis</span> <span class='ocrx_word' id='word_1_24' title='bbox 1808 372 1898 424; x_wconf 90' lang='lat' dir='ltr'>der</span> <span class='ocrx_word' id='word_1_25' title='bbox 1935 388 2048 423; x_wconf 89' lang='lat' dir='ltr'>ver-</span> 
     </span>
     <span class='ocr_line' id='line_1_6' title="bbox 150 463 2046 533; baseline 0 -17"><span class='ocrx_word' id='word_1_26' title='bbox 150 464 419 518; x_wconf 77' lang='lat' dir='ltr'>biindeten</span> <span class='ocrx_word' id='word_1_27' title='bbox 471 464 794 517; x_wconf 83' lang='lat' dir='ltr'>Gemeinden</span> <span class='ocrx_word' id='word_1_28' title='bbox 851 481 921 515; x_wconf 82' lang='lat' dir='ltr'>zu</span> <span class='ocrx_word' id='word_1_29' title='bbox 970 464 1138 516; x_wconf 91' lang='lat' dir='ltr'>ihrem</span> <span class='ocrx_word' id='word_1_30' title='bbox 1187 463 1378 515; x_wconf 84' lang='lat' dir='ltr'>Vorort</span> <span class='ocrx_word' id='word_1_31' title='bbox 1426 467 1795 533; x_wconf 74' lang='lat' dir='ltr'>naturgemass</span> <span class='ocrx_word' id='word_1_32' title='bbox 1846 464 2046 517; x_wconf 89' lang='lat' dir='ltr'>aufhob</span> 
     </span>
     <span class='ocr_line' id='line_1_7' title="bbox 150 554 2046 611; baseline -0.001 -1"><span class='ocrx_word' id='word_1_33' title='bbox 150 558 282 610; x_wconf 88' lang='lat' dir='ltr'>und</span> <span class='ocrx_word' id='word_1_34' title='bbox 318 575 396 610; x_wconf 91' lang='lat' dir='ltr'>zu</span> <span class='ocrx_word' id='word_1_35' title='bbox 434 559 616 611; x_wconf 86' lang='lat' dir='ltr'>einer</span> <span class='ocrx_word' id='word_1_36' title='bbox 651 560 886 610; x_wconf 86' lang='lat' dir='ltr'>immer</span> <span class='ocrx_word' id='word_1_37' title='bbox 933 557 1173 610; x_wconf 85' lang='lat' dir='ltr'>festere</span> <span class='ocrx_word' id='word_1_38' title='bbox 1221 558 1355 610; x_wconf 91' lang='lat' dir='ltr'>und</span> <span class='ocrx_word' id='word_1_39' title='bbox 1407 554 1724 611; x_wconf 55' lang='lat' dir='ltr'>str&#39;affere</span> <span class='ocrx_word' id='word_1_40' title='bbox 1762 559 2046 611; x_wconf 82' lang='lat' dir='ltr'>Formen</span> 
     </span>
     <span class='ocr_line' id='line_1_8' title="bbox 150 652 2047 722; baseline 0 -19"><span class='ocrx_word' id='word_1_41' title='bbox 150 652 655 704; x_wconf 87' lang='lat' dir='ltr'>annehmenden</span> <span class='ocrx_word' id='word_1_42' title='bbox 695 653 859 703; x_wconf 86' lang='lat' dir='ltr'>auch</span> <span class='ocrx_word' id='word_1_43' title='bbox 897 652 1868 722; x_wconf 84' lang='lat' dir='ltr'>politischenUnterordnung</span> <span class='ocrx_word' id='word_1_44' title='bbox 1907 653 2047 705; x_wconf 89' lang='lat' dir='ltr'>der-</span> 
     </span>
     <span class='ocr_line' id='line_1_9' title="bbox 149 746 2044 815; baseline -0.001 -16"><span class='ocrx_word' id='word_1_45' title='bbox 149 746 379 799; x_wconf 86' lang='lat' dir='ltr'>selben</span> <span class='ocrx_word' id='word_1_46' title='bbox 419 751 575 798; x_wconf 89' lang='lat' dir='ltr'>unter</span> <span class='ocrx_word' id='word_1_47' title='bbox 593 746 770 798; x_wconf 89' lang='lat' dir='ltr'>Athen</span> <span class='ocrx_word' id='word_1_48' title='bbox 809 748 905 798; x_wconf 90' lang='lat' dir='ltr'>mit</span> <span class='ocrx_word' id='word_1_49' title='bbox 937 746 1399 815; x_wconf 81' lang='lat' dir='ltr'>Nothwendigkeit</span> <span class='ocrx_word' id='word_1_50' title='bbox 1434 747 1657 798; x_wconf 64' lang='lat' dir='ltr'>fuhrtef‘</span> <span class='ocrx_word' id='word_1_51' title='bbox 1735 747 1924 815; x_wconf 88' lang='lat' dir='ltr'>Neque</span> <span class='ocrx_word' id='word_1_52' title='bbox 1962 748 2044 814; x_wconf 88' lang='lat' dir='ltr'>iis,</span> 
     </span>
     <span class='ocr_line' id='line_1_10' title="bbox 151 840 2046 909; baseline 0.001 -17"><span class='ocrx_word' id='word_1_53' title='bbox 151 857 285 909; x_wconf 88' lang='lat' dir='ltr'>quae</span> <span class='ocrx_word' id='word_1_54' title='bbox 323 841 468 892; x_wconf 87' lang='lat' dir='ltr'>addit</span> <span class='ocrx_word' id='word_1_55' title='bbox 507 840 913 892; x_wconf 77' lang='lat' dir='ltr'>Christensenus</span> <span class='ocrx_word' id='word_1_56' title='bbox 953 842 1019 908; x_wconf 87' lang='lat' dir='ltr'>(p.</span> <span class='ocrx_word' id='word_1_57' title='bbox 1065 841 1177 908; x_wconf 81' lang='lat'>18):</span> <span class='ocrx_word' id='word_1_58' title='bbox 1223 841 1412 907; x_wconf 80' lang='lat' dir='ltr'>„Ponti</span> <span class='ocrx_word' id='word_1_59' title='bbox 1450 857 1600 909; x_wconf 86' lang='lat' dir='ltr'>porro</span> <span class='ocrx_word' id='word_1_60' title='bbox 1640 841 1830 892; x_wconf 75' lang='lat' dir='ltr'>accolis</span> <span class='ocrx_word' id='word_1_61' title='bbox 1867 840 2046 907; x_wconf 85' lang='lat' dir='ltr'>Lyciis</span> 
     </span>
     <span class='ocr_line' id='line_1_11' title="bbox 149 933 2046 1003; baseline 0.001 -17"><span class='ocrx_word' id='word_1_62' title='bbox 149 933 388 1002; x_wconf 83' lang='lat' dir='ltr'>aliisque,</span> <span class='ocrx_word' id='word_1_63' title='bbox 447 936 539 1002; x_wconf 88' lang='lat' dir='ltr'>qui</span> <span class='ocrx_word' id='word_1_64' title='bbox 589 935 810 1002; x_wconf 89' lang='lat' dir='ltr'>imperio</span> <span class='ocrx_word' id='word_1_65' title='bbox 848 934 1260 986; x_wconf 76' lang='lat' dir='ltr'><strong>Atheniensium</strong></span> <span class='ocrx_word' id='word_1_66' title='bbox 1308 951 1460 1002; x_wconf 82' lang='lat' dir='ltr'>aegre</span> <span class='ocrx_word' id='word_1_67' title='bbox 1511 952 1572 986; x_wconf 89' lang='lat' dir='ltr'>ac</span> <span class='ocrx_word' id='word_1_68' title='bbox 1617 936 1833 986; x_wconf 89' lang='lat' dir='ltr'>nomine</span> <span class='ocrx_word' id='word_1_69' title='bbox 1879 951 2046 1003; x_wconf 87' lang='lat' dir='ltr'>paene</span> 
     </span>
     <span class='ocr_line' id='line_1_12' title="bbox 149 1026 2046 1096; baseline 0.001 -18"><span class='ocrx_word' id='word_1_70' title='bbox 149 1026 576 1096; x_wconf 77' lang='lat' dir='ltr'>obtemperabant</span> <span class='ocrx_word' id='word_1_71' title='bbox 634 1028 939 1096; x_wconf 76' lang='lat' dir='ltr'>quibusque</span> <span class='ocrx_word' id='word_1_72' title='bbox 992 1029 1136 1079; x_wconf 91' lang='lat' dir='ltr'>omni</span> <span class='ocrx_word' id='word_1_73' title='bbox 1185 1028 1340 1079; x_wconf 91' lang='lat' dir='ltr'>modo</span> <span class='ocrx_word' id='word_1_74' title='bbox 1378 1046 1588 1096; x_wconf 79' lang='lat' dir='ltr'>parcere</span> <span class='ocrx_word' id='word_1_75' title='bbox 1626 1028 2046 1081; x_wconf 81' lang='lat' dir='ltr'>Atheniensibus</span> 
     </span>
     <span class='ocr_line' id='line_1_13' title="bbox 149 1122 2045 1191; baseline -0.001 -17"><span class='ocrx_word' id='word_1_76' title='bbox 149 1138 355 1174; x_wconf 86' lang='lat' dir='ltr'>summo</span> <span class='ocrx_word' id='word_1_77' title='bbox 411 1139 564 1190; x_wconf 86' lang='lat' dir='ltr'>opere</span> <span class='ocrx_word' id='word_1_78' title='bbox 609 1139 824 1174; x_wconf 85' lang='lat' dir='ltr'>necesse</span> <span class='ocrx_word' id='word_1_79' title='bbox 872 1127 996 1188; x_wconf 88' lang='lat' dir='ltr'>erat,</span> <span class='ocrx_word' id='word_1_80' title='bbox 1055 1123 1147 1190; x_wconf 90' lang='lat' dir='ltr'>qui</span> <span class='ocrx_word' id='word_1_81' title='bbox 1197 1122 1309 1173; x_wconf 91' lang='lat' dir='ltr'>fieri</span> <span class='ocrx_word' id='word_1_82' title='bbox 1356 1126 1542 1191; x_wconf 84' lang='lat' dir='ltr'>potest,</span> <span class='ocrx_word' id='word_1_83' title='bbox 1601 1128 1660 1175; x_wconf 92' lang='lat' dir='ltr'>ut</span> <span class='ocrx_word' id='word_1_84' title='bbox 1709 1124 1868 1175; x_wconf 88' lang='lat' dir='ltr'>talem</span> <span class='ocrx_word' id='word_1_85' title='bbox 1921 1139 2045 1174; x_wconf 91' lang='lat' dir='ltr'>con-</span> 
     </span>
     <span class='ocr_line' id='line_1_14' title="bbox 149 1215 2046 1284; baseline 0.001 -17"><span class='ocrx_word' id='word_1_86' title='bbox 149 1216 409 1268; x_wconf 89' lang='lat' dir='ltr'>dicionem</span> <span class='ocrx_word' id='word_1_87' title='bbox 464 1216 816 1268; x_wconf 85' lang='lat' dir='ltr'>Athenienses</span> <span class='ocrx_word' id='word_1_88' title='bbox 883 1217 999 1267; x_wconf 87' lang='lat' dir='ltr'>ausi</span> <span class='ocrx_word' id='word_1_89' title='bbox 1069 1217 1175 1267; x_wconf 87' lang='lat' dir='ltr'>sint</span> <span class='ocrx_word' id='word_1_90' title='bbox 1230 1217 1499 1284; x_wconf 80' lang='lat' dir='ltr'>imponere</span> <span class='ocrx_word' id='word_1_91' title='bbox 1514 1217 1572 1266; x_wconf 70' lang='lat'>‘?“</span> <span class='ocrx_word' id='word_1_92' title='bbox 1668 1215 2046 1269; x_wconf 80' lang='lat' dir='ltr'>Pseudoxeno—</span> 
     </span>
     <span class='ocr_line' id='line_1_15' title="bbox 147 1307 2044 1378; baseline 0.001 -17"><span class='ocrx_word' id='word_1_93' title='bbox 147 1310 358 1378; x_wconf 89' lang='lat' dir='ltr'>phontis</span> <span class='ocrx_word' id='word_1_94' title='bbox 415 1311 756 1362; x_wconf 87' lang='lat' dir='ltr'>testmonium</span> <span class='ocrx_word' id='word_1_95' title='bbox 813 1309 1112 1362; x_wconf 85' lang='lat' dir='ltr'>labefactat:</span> <span class='ocrx_word' id='word_1_96' title='bbox 1175 1310 1437 1378; x_wconf 89' lang='lat' dir='ltr'>quomodo</span> <span class='ocrx_word' id='word_1_97' title='bbox 1496 1311 1639 1362; x_wconf 85' lang='lat' dir='ltr'>enim</span> <span class='ocrx_word' id='word_1_98' title='bbox 1695 1327 1764 1362; x_wconf 74' lang='lat' dir='ltr'>ex</span> <span class='ocrx_word' id='word_1_99' title='bbox 1820 1307 1918 1362; x_wconf 79' lang='lat' dir='ltr'>hac</span> <span class='ocrx_word' id='word_1_100' title='bbox 1972 1328 2044 1378; x_wconf 88' lang='lat' dir='ltr'>re,</span> 
     </span>
     <span class='ocr_line' id='line_1_16' title="bbox 149 1403 2046 1472; baseline 0.001 -17"><span class='ocrx_word' id='word_1_101' title='bbox 149 1403 291 1472; x_wconf 88' lang='lat' dir='ltr'>quod</span> <span class='ocrx_word' id='word_1_102' title='bbox 326 1404 416 1455; x_wconf 87' lang='lat' dir='ltr'>illa</span> <span class='ocrx_word' id='word_1_103' title='bbox 452 1421 572 1472; x_wconf 86' lang='lat' dir='ltr'>pars</span> <span class='ocrx_word' id='word_1_104' title='bbox 612 1404 873 1455; x_wconf 89' lang='lat' dir='ltr'>sociorum</span> <span class='ocrx_word' id='word_1_105' title='bbox 911 1404 1107 1472; x_wconf 76' lang='lat' dir='ltr'>exigua</span> <span class='ocrx_word' id='word_1_106' title='bbox 1143 1405 1200 1454; x_wconf 89' lang='lat' dir='ltr'>in</span> <span class='ocrx_word' id='word_1_107' title='bbox 1232 1405 1483 1456; x_wconf 82' lang='lat' dir='ltr'>extremis</span> <span class='ocrx_word' id='word_1_108' title='bbox 1517 1405 1616 1455; x_wconf 88' lang='lat' dir='ltr'>sita</span> <span class='ocrx_word' id='word_1_109' title='bbox 1635 1405 2046 1457; x_wconf 88' lang='lat' dir='ltr'>Atheniensium</span> 
     </span>
     <span class='ocr_line' id='line_1_17' title="bbox 144 1497 2045 1568; baseline 0.002 -19"><span class='ocrx_word' id='word_1_110' title='bbox 144 1498 354 1566; x_wconf 85' lang='lat' dir='ltr'>imperii</span> <span class='ocrx_word' id='word_1_111' title='bbox 408 1497 607 1549; x_wconf 89' lang='lat' dir='ltr'>finibus</span> <span class='ocrx_word' id='word_1_112' title='bbox 654 1498 864 1566; x_wconf 87' lang='lat' dir='ltr'>plenam</span> <span class='ocrx_word' id='word_1_113' title='bbox 901 1498 1007 1549; x_wconf 86' lang='lat' dir='ltr'>fere</span> <span class='ocrx_word' id='word_1_114' title='bbox 1044 1497 1336 1550; x_wconf 82' lang='lat' dir='ltr'>libertatem</span> <span class='ocrx_word' id='word_1_115' title='bbox 1375 1498 1476 1550; x_wconf 91' lang='lat' dir='ltr'>sibi</span> <span class='ocrx_word' id='word_1_116' title='bbox 1516 1503 1813 1551; x_wconf 82' lang='lat' dir='ltr'>servaverat</span> <span class='ocrx_word' id='word_1_117' title='bbox 1852 1500 2045 1568; x_wconf 88' lang='lat' dir='ltr'>(neque</span> 
     </span>
     <span class='ocr_line' id='line_1_18' title="bbox 145 1591 2044 1661; baseline 0.002 -18"><span class='ocrx_word' id='word_1_118' title='bbox 145 1593 287 1643; x_wconf 88' lang='lat' dir='ltr'>enim</span> <span class='ocrx_word' id='word_1_119' title='bbox 325 1591 584 1643; x_wconf 80' lang='lat' dir='ltr'>tributum</span> <span class='ocrx_word' id='word_1_120' title='bbox 621 1591 923 1660; x_wconf 82' lang='lat' dir='ltr'>pendebant</span> <span class='ocrx_word' id='word_1_121' title='bbox 961 1592 1021 1642; x_wconf 85' lang='lat' dir='ltr'>cf.</span> <span class='ocrx_word' id='word_1_122' title='bbox 1065 1591 1292 1644; x_wconf 88' lang='lat' dir='ltr'>Koehler</span> <span class='ocrx_word' id='word_1_123' title='bbox 1327 1592 1391 1644; x_wconf 83' lang='lat' dir='ltr'>U.</span> <span class='ocrx_word' id='word_1_124' title='bbox 1436 1593 1549 1644; x_wconf 92' lang='lat' dir='ltr'>und</span> <span class='ocrx_word' id='word_1_125' title='bbox 1576 1592 1640 1644; x_wconf 87' lang='lat' dir='ltr'>U.</span> <span class='ocrx_word' id='word_1_126' title='bbox 1666 1611 1714 1661; x_wconf 93' lang='lat' dir='ltr'>p.</span> <span class='ocrx_word' id='word_1_127' title='bbox 1743 1594 1859 1645; x_wconf 81' lang='lat'>117.</span> <span class='ocrx_word' id='word_1_128' title='bbox 1906 1593 2044 1661; x_wconf 78' lang='lat'>121),</span> 
     </span>
     <span class='ocr_line' id='line_1_19' title="bbox 146 1686 2045 1754; baseline 0.001 -16"><span class='ocrx_word' id='word_1_129' title='bbox 146 1686 391 1738; x_wconf 88' lang='lat' dir='ltr'>concludi</span> <span class='ocrx_word' id='word_1_130' title='bbox 438 1690 625 1754; x_wconf 88' lang='lat' dir='ltr'>potest,</span> <span class='ocrx_word' id='word_1_131' title='bbox 683 1690 879 1737; x_wconf 84' lang='lat' dir='ltr'>ceteros</span> <span class='ocrx_word' id='word_1_132' title='bbox 933 1703 1146 1754; x_wconf 86' lang='lat' dir='ltr'>quoque</span> <span class='ocrx_word' id='word_1_133' title='bbox 1197 1688 1366 1738; x_wconf 88' lang='lat' dir='ltr'>socios</span> <span class='ocrx_word' id='word_1_134' title='bbox 1405 1687 1589 1739; x_wconf 90' lang='lat' dir='ltr'>eadem</span> <span class='ocrx_word' id='word_1_135' title='bbox 1625 1686 1881 1739; x_wconf 88' lang='lat' dir='ltr'>libertatis</span> <span class='ocrx_word' id='word_1_136' title='bbox 1921 1703 2045 1739; x_wconf 88' lang='lat' dir='ltr'>con-</span> 
     </span>
     <span class='ocr_line' id='line_1_20' title="bbox 149 1779 2044 1850; baseline 0.001 -19"><span class='ocrx_word' id='word_1_137' title='bbox 149 1781 353 1832; x_wconf 91' lang='lat' dir='ltr'>dicione</span> <span class='ocrx_word' id='word_1_138' title='bbox 392 1797 516 1832; x_wconf 91' lang='lat' dir='ltr'>usos</span> <span class='ocrx_word' id='word_1_139' title='bbox 555 1781 704 1831; x_wconf 77' lang='lat' dir='ltr'>esse?</span> <span class='ocrx_word' id='word_1_140' title='bbox 779 1779 981 1831; x_wconf 85' lang='lat' dir='ltr'>Eodem</span> <span class='ocrx_word' id='word_1_141' title='bbox 1012 1781 1130 1847; x_wconf 87' lang='lat' dir='ltr'>jure</span> <span class='ocrx_word' id='word_1_142' title='bbox 1171 1781 1484 1833; x_wconf 87' lang='lat' dir='ltr'>concludere</span> <span class='ocrx_word' id='word_1_143' title='bbox 1522 1781 1660 1847; x_wconf 91' lang='lat' dir='ltr'>licet,</span> <span class='ocrx_word' id='word_1_144' title='bbox 1700 1798 1824 1832; x_wconf 89' lang='lat' dir='ltr'>cum</span> <span class='ocrx_word' id='word_1_145' title='bbox 1853 1781 2044 1850; x_wconf 89' lang='lat' dir='ltr'>oppida</span> 
     </span>
     <span class='ocr_line' id='line_1_21' title="bbox 146 1857 2044 1943; baseline 0.002 -19"><span class='ocrx_word' id='word_1_146' title='bbox 146 1874 202 1924; x_wconf 92' lang='lat' dir='ltr'>in</span> <span class='ocrx_word' id='word_1_147' title='bbox 240 1873 409 1925; x_wconf 87' lang='lat' dir='ltr'>Ponto</span> <span class='ocrx_word' id='word_1_148' title='bbox 450 1875 549 1925; x_wconf 89' lang='lat' dir='ltr'>sita</span> <span class='ocrx_word' id='word_1_149' title='bbox 586 1857 795 1925; x_wconf 87' lang='lat' dir='ltr'>nullum</span> <span class='ocrx_word' id='word_1_150' title='bbox 834 1874 1124 1942; x_wconf 86' lang='lat' dir='ltr'>penderent</span> <span class='ocrx_word' id='word_1_151' title='bbox 1162 1874 1437 1942; x_wconf 88' lang='lat' dir='ltr'>tributum,</span> <span class='ocrx_word' id='word_1_152' title='bbox 1491 1879 1780 1927; x_wconf 83' lang='lat' dir='ltr'>ceterorum</span> <span class='ocrx_word' id='word_1_153' title='bbox 1831 1891 2044 1943; x_wconf 90' lang='lat' dir='ltr'>quoque</span> 
     </span>
     <span class='ocr_line' id='line_1_22' title="bbox 146 1967 2039 2037; baseline 0.001 -19"><span class='ocrx_word' id='word_1_154' title='bbox 146 1968 459 2036; x_wconf 88' lang='lat' dir='ltr'>oppidorum</span> <span class='ocrx_word' id='word_1_155' title='bbox 497 1969 757 2019; x_wconf 89' lang='lat' dir='ltr'>sociorum</span> <span class='ocrx_word' id='word_1_156' title='bbox 796 1969 1045 2034; x_wconf 83' lang='lat' dir='ltr'>majorem</span> <span class='ocrx_word' id='word_1_157' title='bbox 1076 1973 1277 2036; x_wconf 86' lang='lat' dir='ltr'>partem</span> <span class='ocrx_word' id='word_1_158' title='bbox 1304 1986 1412 2020; x_wconf 87' lang='lat' dir='ltr'>non</span> <span class='ocrx_word' id='word_1_159' title='bbox 1431 1969 1747 2037; x_wconf 91' lang='lat' dir='ltr'>pependisse</span> <span class='ocrx_word' id='word_1_160' title='bbox 1767 1967 2039 2021; x_wconf 86' lang='lat' dir='ltr'>tributum.</span> 
     </span>
     <span class='ocr_line' id='line_1_23' title="bbox 146 2060 2044 2132; baseline 0.002 -20"><span class='ocrx_word' id='word_1_161' title='bbox 146 2061 323 2130; x_wconf 81' lang='lat' dir='ltr'>Pergit</span> <span class='ocrx_word' id='word_1_162' title='bbox 359 2063 426 2130; x_wconf 92' lang='lat' dir='ltr'>(p.</span> <span class='ocrx_word' id='word_1_163' title='bbox 472 2061 580 2126; x_wconf 79' lang='lat'>18):</span> <span class='ocrx_word' id='word_1_164' title='bbox 643 2060 810 2128; x_wconf 84' lang='lat' dir='ltr'>„Cum</span> <span class='ocrx_word' id='word_1_165' title='bbox 851 2061 1127 2114; x_wconf 85' lang='lat' dir='ltr'>Phaselitis</span> <span class='ocrx_word' id='word_1_166' title='bbox 1175 2061 1394 2132; x_wconf 77' lang='grc' dir='ltr'>σύμβολα</span> <span class='ocrx_word' id='word_1_167' title='bbox 1434 2063 1498 2114; x_wconf 92' lang='lat' dir='ltr'>de</span> <span class='ocrx_word' id='word_1_168' title='bbox 1529 2065 1649 2130; x_wconf 70' lang='lat' dir='ltr'>‚jure</span> <span class='ocrx_word' id='word_1_169' title='bbox 1688 2063 1860 2118; x_wconf 87' lang='lat' dir='ltr'>dando</span> <span class='ocrx_word' id='word_1_170' title='bbox 1897 2079 2044 2131; x_wconf 84' lang='lat' dir='ltr'>repe-</span> 
     </span>
     <span class='ocr_line' id='line_1_24' title="bbox 145 2155 2045 2225; baseline 0.001 -19"><span class='ocrx_word' id='word_1_171' title='bbox 145 2155 413 2224; x_wconf 87' lang='lat' dir='ltr'>tendoque</span> <span class='ocrx_word' id='word_1_172' title='bbox 468 2155 603 2207; x_wconf 87' lang='lat' dir='ltr'>facta</span> <span class='ocrx_word' id='word_1_173' title='bbox 653 2155 923 2207; x_wconf 87' lang='lat' dir='ltr'>videmus:</span> <span class='ocrx_word' id='word_1_174' title='bbox 983 2157 1142 2207; x_wconf 87' lang='lat' dir='ltr'>etiam</span> <span class='ocrx_word' id='word_1_175' title='bbox 1192 2173 1315 2208; x_wconf 89' lang='lat' dir='ltr'>cum</span> <span class='ocrx_word' id='word_1_176' title='bbox 1363 2157 1478 2208; x_wconf 88' lang='lat' dir='ltr'>aliis</span> <span class='ocrx_word' id='word_1_177' title='bbox 1529 2170 1557 2208; x_wconf 85' lang='lat' dir='ltr'>e</span> <span class='ocrx_word' id='word_1_178' title='bbox 1595 2156 1887 2209; x_wconf 85' lang='lat' dir='ltr'>tributariis</span> <span class='ocrx_word' id='word_1_179' title='bbox 1923 2174 2045 2225; x_wconf 88' lang='lat' dir='ltr'>pro-</span> 
     </span>
     <span class='ocr_line' id='line_1_25' title="bbox 144 2247 2042 2319; baseline 0.002 -20"><span class='ocrx_word' id='word_1_180' title='bbox 144 2247 315 2300; x_wconf 85' lang='lat' dir='ltr'>babile</span> <span class='ocrx_word' id='word_1_181' title='bbox 352 2247 506 2300; x_wconf 90' lang='lat' dir='ltr'>nobis</span> <span class='ocrx_word' id='word_1_182' title='bbox 544 2249 754 2300; x_wconf 87' lang='lat' dir='ltr'>videtur</span> <span class='ocrx_word' id='word_1_183' title='bbox 790 2250 1049 2316; x_wconf 89' lang='lat' dir='ltr'>ejusmodi</span> <span class='ocrx_word' id='word_1_184' title='bbox 1092 2255 1244 2319; x_wconf 87' lang='lat' dir='ltr'>pacta</span> <span class='ocrx_word' id='word_1_185' title='bbox 1283 2251 1414 2302; x_wconf 90' lang='lat' dir='ltr'>inita</span> <span class='ocrx_word' id='word_1_186' title='bbox 1459 2252 1622 2303; x_wconf 79' lang='lat' dir='ltr'>esse.“</span> <span class='ocrx_word' id='word_1_187' title='bbox 1701 2251 1803 2303; x_wconf 80' lang='lat' dir='ltr'>Sed</span> <span class='ocrx_word' id='word_1_188' title='bbox 1848 2251 2042 2304; x_wconf 88' lang='lat' dir='ltr'>oblitus</span> 
     </span>
     <span class='ocr_line' id='line_1_26' title="bbox 145 2343 2043 2415; baseline 0.002 -20"><span class='ocrx_word' id='word_1_189' title='bbox 145 2346 240 2410; x_wconf 85' lang='lat' dir='ltr'>est,</span> <span class='ocrx_word' id='word_1_190' title='bbox 279 2359 334 2395; x_wconf 93' lang='lat' dir='ltr'>se</span> <span class='ocrx_word' id='word_1_191' title='bbox 372 2343 428 2393; x_wconf 92' lang='lat' dir='ltr'>in</span> <span class='ocrx_word' id='word_1_192' title='bbox 469 2359 672 2410; x_wconf 77' lang='lat' dir='ltr'>causaS,</span> <span class='ocrx_word' id='word_1_193' title='bbox 715 2360 846 2411; x_wconf 90' lang='lat' dir='ltr'>quas</span> <span class='ocrx_word' id='word_1_194' title='bbox 886 2345 1124 2410; x_wconf 85' lang='lat' dir='ltr'>ejusdem</span> <span class='ocrx_word' id='word_1_195' title='bbox 1163 2345 1340 2413; x_wconf 88' lang='lat' dir='ltr'>oppidi</span> <span class='ocrx_word' id='word_1_196' title='bbox 1380 2346 1509 2397; x_wconf 88' lang='lat' dir='ltr'>socii</span> <span class='ocrx_word' id='word_1_197' title='bbox 1540 2347 1682 2399; x_wconf 89' lang='lat' dir='ltr'>cives</span> <span class='ocrx_word' id='word_1_198' title='bbox 1709 2347 1837 2398; x_wconf 90' lang='lat' dir='ltr'>alter</span> <span class='ocrx_word' id='word_1_199' title='bbox 1856 2346 2043 2415; x_wconf 82' lang='lat' dir='ltr'>agebat</span> 
     </span>
     <span class='ocr_line' id='line_1_27' title="bbox 145 2435 2042 2508; baseline 0.003 -21"><span class='ocrx_word' id='word_1_200' title='bbox 145 2435 396 2488; x_wconf 86' lang='lat' dir='ltr'>adversus</span> <span class='ocrx_word' id='word_1_201' title='bbox 447 2437 686 2504; x_wconf 83' lang='lat' dir='ltr'>alterum,</span> <span class='ocrx_word' id='word_1_202' title='bbox 723 2438 1028 2506; x_wconf 81' lang='lat' dir='ltr'>inquirere,</span> <span class='ocrx_word' id='word_1_203' title='bbox 1085 2455 1260 2506; x_wconf 89' lang='lat' dir='ltr'>neque</span> <span class='ocrx_word' id='word_1_204' title='bbox 1306 2440 1363 2490; x_wconf 90' lang='lat' dir='ltr'>in</span> <span class='ocrx_word' id='word_1_205' title='bbox 1412 2440 1660 2507; x_wconf 78' lang='lat' dir='ltr'>actiones,</span> <span class='ocrx_word' id='word_1_206' title='bbox 1721 2457 1855 2508; x_wconf 88' lang='lat' dir='ltr'>quae</span> <span class='ocrx_word' id='word_1_207' title='bbox 1893 2445 2042 2494; x_wconf 90' lang='lat' dir='ltr'>erant</span> 
     </span>
     <span class='ocr_line' id='line_1_28' title="bbox 143 2530 2040 2602; baseline 0.003 -21"><span class='ocrx_word' id='word_1_208' title='bbox 143 2530 280 2582; x_wconf 88' lang='lat' dir='ltr'>inter</span> <span class='ocrx_word' id='word_1_209' title='bbox 316 2530 668 2583; x_wconf 86' lang='lat' dir='ltr'>Athenienses</span> <span class='ocrx_word' id='word_1_210' title='bbox 707 2535 757 2583; x_wconf 94' lang='lat' dir='ltr'>et</span> <span class='ocrx_word' id='word_1_211' title='bbox 796 2533 982 2599; x_wconf 80' lang='lat' dir='ltr'>sociOS,</span> <span class='ocrx_word' id='word_1_212' title='bbox 1033 2533 1096 2584; x_wconf 88' lang='lat' dir='ltr'>de</span> <span class='ocrx_word' id='word_1_213' title='bbox 1150 2533 1347 2601; x_wconf 90' lang='lat' dir='ltr'>quibus</span> <span class='ocrx_word' id='word_1_214' title='bbox 1386 2534 1560 2602; x_wconf 84' lang='lat' dir='ltr'>agitur</span> <span class='ocrx_word' id='word_1_215' title='bbox 1595 2535 1653 2585; x_wconf 90' lang='lat' dir='ltr'>in</span> <span class='ocrx_word' id='word_1_216' title='bbox 1691 2535 1873 2602; x_wconf 91' lang='lat' dir='ltr'>populi</span> <span class='ocrx_word' id='word_1_217' title='bbox 1912 2536 2040 2586; x_wconf 89' lang='lat' dir='ltr'>scito</span> 
     </span>
     <span class='ocr_line' id='line_1_29' title="bbox 142 2623 2039 2697; baseline 0.003 -23"><span class='ocrx_word' id='word_1_218' title='bbox 142 2623 231 2675; x_wconf 92' lang='lat' dir='ltr'>illo</span> <span class='ocrx_word' id='word_1_219' title='bbox 271 2623 334 2676; x_wconf 91' lang='lat' dir='ltr'>de</span> <span class='ocrx_word' id='word_1_220' title='bbox 370 2624 661 2677; x_wconf 86' lang='lat' dir='ltr'>Phaselitis.</span> <span class='ocrx_word' id='word_1_221' title='bbox 740 2625 868 2678; x_wconf 79' lang='lat' dir='ltr'>Mox</span> <span class='ocrx_word' id='word_1_222' title='bbox 907 2626 1034 2678; x_wconf 90' lang='lat' dir='ltr'>dicit</span> <span class='ocrx_word' id='word_1_223' title='bbox 1072 2626 1138 2694; x_wconf 88' lang='lat' dir='ltr'>(p.</span> <span class='ocrx_word' id='word_1_224' title='bbox 1183 2627 1295 2693; x_wconf 82' lang='lat'>18):</span> <span class='ocrx_word' id='word_1_225' title='bbox 1358 2627 1685 2694; x_wconf 86' lang='lat' dir='ltr'>„Tricennali</span> <span class='ocrx_word' id='word_1_226' title='bbox 1728 2646 1862 2697; x_wconf 87' lang='lat' dir='ltr'>pace</span> <span class='ocrx_word' id='word_1_227' title='bbox 1913 2630 2039 2680; x_wconf 90' lang='lat' dir='ltr'>anni</span> 
     </span>
     <span class='ocr_line' id='line_1_30' title="bbox 143 2717 2041 2791; baseline 0.003 -22"><span class='ocrx_word' id='word_1_228' title='bbox 143 2717 249 2770; x_wconf 79' lang='lat'>445</span> <span class='ocrx_word' id='word_1_229' title='bbox 305 2719 461 2770; x_wconf 89' lang='lat' dir='ltr'>etiam</span> <span class='ocrx_word' id='word_1_230' title='bbox 516 2721 764 2772; x_wconf 84' lang='lat' dir='ltr'>universe</span> <span class='ocrx_word' id='word_1_231' title='bbox 810 2720 1022 2788; x_wconf 77' lang='lat' dir='ltr'>aliquidv</span> <span class='ocrx_word' id='word_1_232' title='bbox 1065 2721 1127 2772; x_wconf 89' lang='lat' dir='ltr'>de</span> <span class='ocrx_word' id='word_1_233' title='bbox 1179 2718 1439 2791; x_wconf 80' lang='grc' dir='ltr'>αὐτονομία</span> <span class='ocrx_word' id='word_1_234' title='bbox 1480 2723 1742 2774; x_wconf 91' lang='lat' dir='ltr'>sociorum</span> <span class='ocrx_word' id='word_1_235' title='bbox 1781 2727 2041 2775; x_wconf 88' lang='lat' dir='ltr'>statutum</span> 
     </span>
     <span class='ocr_line' id='line_1_31' title="bbox 145 2798 2039 2885; baseline 0.003 -23"><span class='ocrx_word' id='word_1_236' title='bbox 145 2798 257 2863; x_wconf 84' lang='lat' dir='ltr'>esse</span> <span class='ocrx_word' id='word_1_237' title='bbox 308 2812 518 2865; x_wconf 82' lang='lat' dir='ltr'>videtur</span> <span class='ocrx_word' id='word_1_238' title='bbox 565 2813 740 2881; x_wconf 86' lang='lat' dir='ltr'>(Thuc.</span> <span class='ocrx_word' id='word_1_239' title='bbox 782 2814 826 2881; x_wconf 88' lang='lat' dir='ltr'>I,</span> <span class='ocrx_word' id='word_1_240' title='bbox 866 2816 953 2879; x_wconf 80' lang='lat'>67,</span> <span class='ocrx_word' id='word_1_241' title='bbox 992 2814 1068 2882; x_wconf 80' lang='lat'>2):</span> <span class='ocrx_word' id='word_1_242' title='bbox 1127 2831 1261 2866; x_wconf 90' lang='lat' dir='ltr'>num</span> <span class='ocrx_word' id='word_1_243' title='bbox 1298 2815 1652 2868; x_wconf 88' lang='lat' dir='ltr'>Athenienses</span> <span class='ocrx_word' id='word_1_244' title='bbox 1701 2817 1858 2868; x_wconf 90' lang='lat' dir='ltr'>talem</span> <span class='ocrx_word' id='word_1_245' title='bbox 1895 2818 2039 2885; x_wconf 87' lang='lat' dir='ltr'>pacis</span> 
     </span>
     <span class='ocr_line' id='line_1_32' title="bbox 144 2905 2039 2977; baseline 0.003 -21"><span class='ocrx_word' id='word_1_246' title='bbox 144 2905 506 2958; x_wconf 90' lang='lat' dir='ltr'>condicionem</span> <span class='ocrx_word' id='word_1_247' title='bbox 546 2912 851 2976; x_wconf 84' lang='lat' dir='ltr'>accepturos</span> <span class='ocrx_word' id='word_1_248' title='bbox 888 2908 1052 2960; x_wconf 89' lang='lat' dir='ltr'>fuisse</span> <span class='ocrx_word' id='word_1_249' title='bbox 1091 2909 1386 2977; x_wconf 80' lang='lat' dir='ltr'>credemus,</span> <span class='ocrx_word' id='word_1_250' title='bbox 1426 2911 1472 2961; x_wconf 92' lang='lat' dir='ltr'>si</span> <span class='ocrx_word' id='word_1_251' title='bbox 1508 2926 1564 2962; x_wconf 86' lang='lat' dir='ltr'>re</span> <span class='ocrx_word' id='word_1_252' title='bbox 1602 2927 1725 2962; x_wconf 85' lang='lat' dir='ltr'>vera</span> <span class='ocrx_word' id='word_1_253' title='bbox 1763 2911 1907 2962; x_wconf 88' lang='lat' dir='ltr'>omni</span> <span class='ocrx_word' id='word_1_254' title='bbox 1935 2910 2039 2962; x_wconf 86' lang='lat' dir='ltr'>fere</span> 
     </span>
     <span class='ocr_line' id='line_1_33' title="bbox 145 2999 2034 3072; baseline 0.002 -22"><span class='ocrx_word' id='word_1_255' title='bbox 145 2999 229 3050; x_wconf 89' lang='lat' dir='ltr'>sui</span> <span class='ocrx_word' id='word_1_256' title='bbox 259 3000 394 3066; x_wconf 83' lang='lat' dir='ltr'>juris</span> <span class='ocrx_word' id='word_1_257' title='bbox 430 3004 685 3069; x_wconf 88' lang='lat' dir='ltr'>potestate</span> <span class='ocrx_word' id='word_1_258' title='bbox 723 3002 888 3054; x_wconf 88' lang='lat' dir='ltr'>multo</span> <span class='ocrx_word' id='word_1_259' title='bbox 927 3005 1092 3070; x_wconf 86' lang='lat' dir='ltr'>major</span> <span class='ocrx_word' id='word_1_260' title='bbox 1122 3020 1242 3071; x_wconf 88' lang='lat' dir='ltr'>pars</span> <span class='ocrx_word' id='word_1_261' title='bbox 1277 3004 1540 3055; x_wconf 86' lang='lat' dir='ltr'>sociorum</span> <span class='ocrx_word' id='word_1_262' title='bbox 1560 3006 1763 3072; x_wconf 86' lang='lat' dir='ltr'>privata</span> <span class='ocrx_word' id='word_1_263' title='bbox 1780 3004 2034 3056; x_wconf 77' lang='lat' dir='ltr'>fuisset‘?“</span> 
     </span>
     <span class='ocr_line' id='line_1_34' title="bbox 143 3090 2037 3164; baseline 0.003 -21"><span class='ocrx_word' id='word_1_264' title='bbox 143 3090 480 3159; x_wconf 83' lang='lat' dir='ltr'>Thucydidis.</span> <span class='ocrx_word' id='word_1_265' title='bbox 520 3095 696 3163; x_wconf 87' lang='lat' dir='ltr'>verba,</span> <span class='ocrx_word' id='word_1_266' title='bbox 754 3113 821 3148; x_wconf 77' lang='lat' dir='ltr'>ex</span> <span class='ocrx_word' id='word_1_267' title='bbox 880 3097 1076 3164; x_wconf 90' lang='lat' dir='ltr'>quibus</span> <span class='ocrx_word' id='word_1_268' title='bbox 1134 3097 1539 3149; x_wconf 85' lang='lat' dir='ltr'>Christensenus</span> <span class='ocrx_word' id='word_1_269' title='bbox 1597 3098 1696 3149; x_wconf 90' lang='lat' dir='ltr'>hoc</span> <span class='ocrx_word' id='word_1_270' title='bbox 1755 3097 2037 3162; x_wconf 83' lang='lat' dir='ltr'>concludit,</span> 
     </span>
     <span class='ocr_line' id='line_1_35' title="bbox 146 3187 2039 3261; baseline 0.003 -25"><span class='ocrx_word' id='word_1_271' title='bbox 146 3187 434 3252; x_wconf 37' lang='lat' dir='ltr'>Sunt-haec</span> <span class='ocrx_word' id='word_1_272' title='bbox 471 3188 515 3256; x_wconf 87' lang='lat' dir='ltr'>I,</span> <span class='ocrx_word' id='word_1_273' title='bbox 554 3190 640 3256; x_wconf 88' lang='grc'>67,</span> <span class='ocrx_word' id='word_1_274' title='bbox 680 3192 738 3242; x_wconf 74' lang='lat'>2:</span> <span class='ocrx_word' id='word_1_275' title='bbox 780 3188 1062 3259; x_wconf 57' lang='grc' dir='ltr'>,Αἰγινῆταί</span> <span class='ocrx_word' id='word_1_276' title='bbox 1101 3210 1152 3242; x_wconf 85' lang='grc' dir='ltr'>τε</span> <span class='ocrx_word' id='word_1_277' title='bbox 1190 3194 1406 3260; x_wconf 76' lang='grc' dir='ltr'>φανερῶς</span> <span class='ocrx_word' id='word_1_278' title='bbox 1446 3189 1531 3260; x_wconf 84' lang='grc' dir='ltr'>μὲν</span> <span class='ocrx_word' id='word_1_279' title='bbox 1570 3189 1626 3243; x_wconf 77' lang='grc' dir='ltr'>οὐ</span> <span class='ocrx_word' id='word_1_280' title='bbox 1666 3190 2039 3261; x_wconf 75' lang='grc' dir='ltr'>πρεσβευόμενοι</span> 
     </span>
    </p>
   </div>
   <div class='ocr_carea' id='block_1_5' title="bbox 145 3276 2036 3354">
    <p class='ocr_par' dir='ltr' id='par_1_5' title="bbox 145 3276 2036 3354">
     <span class='ocr_line' id='line_1_36' title="bbox 145 3276 2036 3354; baseline 0.003 -26"><span class='ocrx_word' id='word_1_281' title='bbox 145 3276 351 3337; x_wconf 77' lang='grc' dir='ltr'>δεδιότες</span> <span class='ocrx_word' id='word_1_282' title='bbox 399 3281 507 3340; x_wconf 74' lang='grc' dir='ltr'>τοὺς</span> <span class='ocrx_word' id='word_1_283' title='bbox 552 3280 849 3351; x_wconf 77' lang='grc' dir='ltr'>Ἀθηναίους,</span> <span class='ocrx_word' id='word_1_284' title='bbox 898 3282 1058 3354; x_wconf 78' lang='grc' dir='ltr'>κρύφα</span> <span class='ocrx_word' id='word_1_285' title='bbox 1106 3282 1160 3335; x_wconf 79' lang='grc' dir='ltr'>δὲ</span> <span class='ocrx_word' id='word_1_286' title='bbox 1198 3282 1292 3354; x_wconf 76' lang='grc' dir='ltr'>οὐχ</span> <span class='ocrx_word' id='word_1_287' title='bbox 1328 3280 1500 3352; x_wconf 78' lang='grc' dir='ltr'>ἥκιστα</span> <span class='ocrx_word' id='word_1_288' title='bbox 1541 3282 1636 3352; x_wconf 78' lang='grc' dir='ltr'>μετ’</span> <span class='ocrx_word' id='word_1_289' title='bbox 1682 3282 1831 3335; x_wconf 79' lang='grc' dir='ltr'>αὐτῶν</span> <span class='ocrx_word' id='word_1_290' title='bbox 1870 3285 2036 3352; x_wconf 76' lang='grc' dir='ltr'>ἐνῆγον</span> 
     </span>
    </p>
   </div>
   <div class='ocr_carea' id='block_1_6' title="bbox 146 3374 410 3381">
    <p class='ocr_par' dir='ltr' id='par_1_6' title="bbox 146 3374 410 3381">
     <span class='ocr_line' id='line_1_37' title="bbox 146 3374 410 3381; baseline 0 441"><span class='ocrx_word' id='word_1_291' title='bbox 146 3374 410 3381; x_wconf 95' lang='lat' dir='ltr'> </span> 
     </span>
    </p>
   </div>
   <div class='ocr_carea' id='block_1_7' title="bbox 144 3404 2036 3543">
    <p class='ocr_par' dir='ltr' id='par_1_7' title="bbox 144 3404 2036 3543">
     <span class='ocr_line' id='line_1_38' title="bbox 145 3404 2036 3472; baseline 0.002 -22"><span class='ocrx_word' id='word_1_292' title='bbox 145 3404 348 3455; x_wconf 78' lang='grc' dir='ltr'>ἐτάξαντο</span> <span class='ocrx_word' id='word_1_293' title='bbox 380 3406 472 3453; x_wconf 83' lang='grc' dir='ltr'>ἀντὶ</span> <span class='ocrx_word' id='word_1_294' title='bbox 500 3415 580 3454; x_wconf 82' lang='grc' dir='ltr'>τῶν</span> <span class='ocrx_word' id='word_1_295' title='bbox 613 3415 717 3455; x_wconf 81' lang='grc' dir='ltr'>νεῶν</span> <span class='ocrx_word' id='word_1_296' title='bbox 748 3410 811 3455; x_wconf 78' lang='grc' dir='ltr'>τὸ”</span> <span class='ocrx_word' id='word_1_297' title='bbox 827 3409 1078 3471; x_wconf 66' lang='grc' dir='ltr'>ἱκνούμενον</span> <span class='ocrx_word' id='word_1_298' title='bbox 1112 3409 1478 3472; x_wconf 73' lang='grc' dir='ltr'>ἀνάλωμαφέρειν,</span> <span class='ocrx_word' id='word_1_299' title='bbox 1511 3413 1584 3455; x_wconf 84' lang='grc' dir='ltr'>καὶ</span> <span class='ocrx_word' id='word_1_300' title='bbox 1604 3417 1690 3459; x_wconf 83' lang='grc' dir='ltr'>τοῖς</span> <span class='ocrx_word' id='word_1_301' title='bbox 1710 3413 1783 3469; x_wconf 75' lang='grc' dir='ltr'>μὲν</span> <span class='ocrx_word' id='word_1_302' title='bbox 1799 3408 2036 3470; x_wconf 68' lang='grc' dir='ltr'>Ἀθηναίοις</span> 
     </span>
     <span class='ocr_line' id='line_1_39' title="bbox 144 3474 1732 3543; baseline 0.001 -21"><span class='ocrx_word' id='word_1_303' title='bbox 144 3474 296 3537; x_wconf 67' lang='grc' dir='ltr'>ηὔξετο</span> <span class='ocrx_word' id='word_1_304' title='bbox 330 3479 377 3524; x_wconf 82' lang='grc' dir='ltr'>τὸ</span> <span class='ocrx_word' id='word_1_305' title='bbox 408 3481 602 3526; x_wconf 73' lang='grc' dir='ltr'>ναυτικὸν</span> <span class='ocrx_word' id='word_1_306' title='bbox 637 3479 720 3527; x_wconf 80' lang='grc' dir='ltr'>ἀπὸ</span> <span class='ocrx_word' id='word_1_307' title='bbox 752 3487 827 3542; x_wconf 76' lang='grc' dir='ltr'>τῆς</span> <span class='ocrx_word' id='word_1_308' title='bbox 860 3481 1066 3542; x_wconf 77' lang='grc' dir='ltr'>δαπάνης.</span> <span class='ocrx_word' id='word_1_309' title='bbox 1099 3480 1150 3543; x_wconf 82' lang='grc' dir='ltr'>ἣν</span> <span class='ocrx_word' id='word_1_310' title='bbox 1185 3485 1337 3528; x_wconf 76' lang='grc' dir='ltr'>ἐκεῖνοι</span> <span class='ocrx_word' id='word_1_311' title='bbox 1370 3483 1618 3543; x_wconf 72' lang='grc' dir='ltr'>ξυμφέροιεν</span> <span class='ocrx_word' id='word_1_312' title='bbox 1651 3483 1732 3524; x_wconf 84' lang='lat' dir='ltr'>etc.</span> 
     </span>
    </p>
   </div>
  </div>
 </body>
</html>
