2320 3822
1970 10 2038 64 39

145 151 481 223 διαρρήδην
538 148 1038 220 ἀπαγορεύουσιν
1095 150 1153 201 οἱ
1208 149 1387 220 νόμοι
1438 151 1511 220 μὴ
1571 152 1803 215 ποιεῖν,
1863 151 2041 205 οὑτωσὶ

144 250 561 317 καταφρονητικῶς
598 242 824 315 ᾐκίσαντο
862 242 921 294 τοὶ
960 241 1136 313 χωρία,
1177 239 1209 295 ἃ
1247 244 1500 296 κατέλιπεν
1533 243 1733 313 Ἁγνίας.
1773 244 1798 297 ὁ
1839 245 1901 297 δὲ
1939 246 2039 298 νό-

146 361 249 410 μος
286 337 657 409 ἀπαγορεύει
695 335 827 407 μηδ’
872 338 936 388 ἐκ
973 339 1075 388 τοῦ
1115 334 1302 389 αὑτοῦ
1333 335 1590 407 χωρίου,
1630 343 1734 390 τοῦ
1764 340 2038 410 πατρῴου

146 432 337 504 μηδὲν
375 430 607 484 τούτων
647 431 913 482 ποιεῖνίίε
969 435 1139 482 orator
1175 431 1288 498 ipse
1328 430 1470 497 dicit,
1513 431 1644 498 „hoc
1682 432 1888 484 disertis
1926 451 2040 486 ver-

143 528 226 580 bis
263 524 559 596 (διαρρήδην)
597 525 978 593 praescriptum
1017 541 1131 576 esse
1168 526 1225 575 in.
1262 525 1436 592 lege“;
1477 525 1533 575 in
1573 542 1634 576 ea
1671 529 1864 593 autem,
1905 545 2040 595 quae

142 621 295 674 nobis
333 624 412 672 est
447 619 652 686 tradita,
690 619 805 687 lege
841 619 975 669 nihil
1014 619 1273 685 ejusmodi
1311 619 1596 670 invenitur.
1667 618 1872 671 Deinde
1910 620 2040 688 legis

140 716 310 784 ipsius
348 713 508 766 verba
545 712 697 789 valde
738 709 1039 763 offendunt:
1093 711 1207 774 ,,τάς
1256 710 1309 762 δὲ
1357 709 1491 770 δίκας
1541 711 1664 764 εἶναι
1713 710 1822 783 περὶ
1860 712 2040 766 τούτων

140 807 255 878 πρὸς
293 806 402 866 τούς
441 802 678 878 ἄρχοντας
716 801 778 857 ὧν
819 806 1012 857 ἕκαστοι
1050 804 1272 857 δικασταί
1312 807 1457 858 εἰσι“;
1511 823 1726 874 prorsus
1774 809 1916 859 enim
1964 813 2042 860 est

139 901 525 968 veridissimile,
592 918 807 952 causam
872 917 980 951 non
1045 901 1118 951 ita
1179 917 1394 968 gravem
1452 900 1698 953 debuisse
1757 902 1841 969 agi
1898 902 2039 969 apud

140 996 416 1049 archontes
462 995 664 1063 plures3
722 1010 882 1062 quare
934 993 1094 1046 verba
1142 994 1231 1046 illa
1268 994 1439 1062 legem
1478 995 1712 1062 spuriam
1751 1012 1863 1051 esse
1901 996 2039 1046 indi-

141 1094 278 1143 cant.
371 1090 578 1158 Itaque⁷
635 1089 840 1140 etiamsi
898 1087 1150 1139 Boeckhii
1208 1088 1478 1139 conclusio
1534 1088 1665 1139 falsa
1719 1105 1828 1139 non
1886 1092 2038 1155 esset,

114 1189 316 1257 'tamen
353 1185 451 1236 hac
485 1183 600 1251 lege
640 1183 719 1233 uti
746 1199 854 1233 non
893 1182 1071 1233 liceret
1100 1183 1254 1249 quasi
1283 1186 1486 1234 certum
1523 1186 1676 1249 esset,
1716 1199 1830 1234 eam
1859 1199 2040 1234 revera

138 1279 303 1330 fuisse
340 1278 510 1346 legem
546 1276 793 1328 Atticam.

281 1371 548 1438 Vidimus,
587 1369 916 1422 Boeckhium
954 1371 1037 1438 iis,
1087 1371 1284 1439 quibus
1332 1371 1516 1437 utitur,
1564 1371 1891 1438 argumentis
1930 1388 2037 1422 non

136 1466 400 1536 probasse,
446 1468 702 1534 prytanea
752 1464 923 1516 soluta
973 1481 1087 1517 esse
1134 1466 1190 1516 in
1243 1466 1368 1517 solis
1417 1465 1592 1516 causis
1639 1466 1885 1533 privatis3
1947 1466 2038 1517 sed

137 1561 252 1613 aliis
301 1576 514 1629 quoque
565 1560 739 1611 causis
792 1561 1054 1611 sententia
1103 1560 1218 1626 ejus
1270 1559 1567 1611 labefactari
1614 1563 1800 1627 potest.
1896 1557 2038 1610 Dicit

137 1655 305 1708 enim:
341 1655 430 1722 „in
460 1653 709 1705 omnibus
741 1654 915 1704 causis
938 1653 1168 1722 publicis
1191 1654 1512 1721 persolutam
1541 1670 1654 1705 esse
1676 1654 2033 1722 parastasim.“

136 1749 240 1802 Sed
285 1748 582 1799 Aristotelis
629 1748 824 1814 locum,
874 1764 978 1814 quo
1032 1748 1096 1798 ad
1148 1748 1464 1799 sententiam
1513 1765 1665 1798 suam
1711 1747 2037 1816 probandam

135 1843 324 1895 nititur
378 1841 695 1907 Boeckhius,
752 1857 859 1891 non
916 1845 1054 1892 recte
1108 1842 1480 1909 interpretatus
1538 1845 1629 1893 est.
1735 1841 2033 1894 Aristotelis

135 1936 296 1988 verba
331 1936 459 1987 haec
498 1939 623 1987 suut
662 1934 930 2003 (Harpocr.
974 1952 1012 1986 s.
1056 1953 1099 1986 v.
1139 1933 1478 2004 παράστασις);
1521 1933 1872 2004 ,Ἀριστοτέλης
1912 1934 1957 1987 δ’
1985 1937 2035 1987 ἐν

134 2035 196 2101 τῇ
228 2027 499 2098 Ἀθηναίων
550 2025 768 2096 πολιτείᾳ
815 2026 922 2098 περὶ
969 2032 1057 2080 τῶν
1109 2030 1412 2098 θεσμοθετῶν
1461 2028 1614 2098 λέγων
1663 2027 1805 2100 φησὶν
1853 2026 2031 2088 οῧτωςῑ

137 2121 226 2176 εἰσὶ
277 2121 331 2174 δὲ
380 2120 563 2193 γραφαὶ
610 2122 726 2192 πρὸς
779 2120 964 2186 αὐτοὺς,
1022 2118 1082 2173 ὧν
1139 2121 1436 2193 παράστασις
1493 2121 1693 2186 τίθεται,
1752 2121 1902 2183 ξενίας
1952 2121 2035 2175 καὶ

135 2215 429 2288 δωροδοκίας
468 2212 595 2276 ὀίντις
641 2220 774 2288 δῶρα
813 2215 924 2275 δούς
965 2214 1192 2287 ἀποφύγῃ
1232 2216 1316 2285 τὴν
1355 2214 1508 2276 ξενίαν
1547 2214 1628 2268 καὶ
1668 2219 2033 2288 ψευδεγγραφῆς

133 2309 214 2364 καὶ
254 2309 602 2382 ψευδοκλητίας
640 2309 722 2363 καὶ
761 2309 1061 2381 βουλεύσεως
1100 2308 1181 2362 καὶ
1211 2308 1451 2381 ἀγραφίου
1482 2308 1563 2363 καὶ
1594 2309 1859 2382 μοιχείας.“
1917 2311 2033 2374 Quo

135 2408 198 2459 de
235 2406 348 2458 loco
386 2405 687 2458 Boeckhius
721 2406 974 2458 ⁴disseruit
1019 2406 1117 2457 hoc
1157 2406 1319 2457 modo
1359 2406 1447 2473 (St.
1490 2406 1534 2473 Ι,
1572 2406 1679 2458 465
1719 2407 1843 2474 sq.):
1896 2406 2033 2474 „Da-

133 2517 303 2570 gegen
348 2499 450 2568 gab
498 2516 554 2551 es
601 2500 718 2552 eine
757 2499 1047 2551 Parastasis
1086 2516 1194 2550 von
1244 2499 1660 2566 unbekanntem,
1708 2500 1831 2552 aber
1867 2502 2033 2553 wahr-

134 2593 422 2647 scheinlich
470 2594 589 2646 sehr
636 2595 908 2663 geringem
959 2593 1072 2644 und
1122 2594 1178 2644 in
1230 2594 1365 2646 allen
1405 2593 1586 2646 Fallen
1634 2595 1893 2662 gleichem
1931 2595 2032 2647 Be-

134 2693 264 2757 trag,
302 2687 565 2739 vielleicht
602 2687 853 2739 ebenfalls
891 2705 996 2740 nur
1033 2689 1150 2740 eine
1188 2687 1466 2755 Drachme,
1515 2689 1651 2740 ohne
1690 2688 1899 2741 Zweifel
1946 2689 2034 2740 fiir

135 2783 238 2835 den
304 2781 464 2848 Staat,
531 2781 727 2832 welche
790 2782 928 2833 nach
992 2782 1300 2834 Aristoteles
1358 2799 1460 2833 von
1529 2782 1629 2834 den
1698 2782 2031 2835 'offentlichen

134 2875 339 2944 Klagen
378 2875 463 2928 bei
502 2875 604 2927 den
641 2874 1043 2928 Thesmotheten
1082 2876 1245 2944 erlegt
1282 2877 1429 2943 wird,
1468 2893 1624 2928 wenn
1663 2877 1749 2928 ein
1789 2876 2033 2929 Foemder

134 2969 414 3038 angeklagt
472 2969 621 3036 wird,
690 2969 801 3020 sich
871 2973 1027 3022 imter
1083 2971 1166 3022 die
1222 2969 1427 3038 Biirger
1484 2971 1905 3038 eingeschlichen
1963 2987 2031 3021 zu

133 3046 306 3115 haberi
357 3062 803 3131 (Fremdenklage‚
833 3062 1012 3133 ,γραφὴ
1063 3061 1238 3130 ξενίας),
1285 3064 1409 3116 oder
1455 3065 1589 3115 nach
1638 3065 1781 3116 einer
1819 3064 2030 3116 solchen

135 3156 375 3224 Anklage
431 3156 765 3225 beschuldigt
820 3157 970 3225 wird‚
1034 3158 1199 3209 durch
1264 3156 1603 3225 Bestechung
1668 3157 1778 3208 sich
1845 3156 2033 3207 durch-

132 3248 373 3318 geholfen
401 3266 471 3301 zu
498 3250 671 3303 haben
692 3250 1486 3319 (Bestechungsfremdenklage,
1514 3249 1677 3320 γραφὴ
1708 3246 2027 3318 δωροξενίας),

132 3342 306 3395 ferner
340 3341 426 3394 bei
464 3342 668 3413 Klagen
708 3344 804 3395 auf
834 3344 1030 3396 falsche
1061 3343 1489 3412 Einschreibung
1528 3346 1681 3395 unter
1719 3342 1801 3393 die
1834 3340 2029 3392 Sta-at&

135 3435 419 3488 schuldner
483 3417 918 3508 (ψευδεγγραιρῆς),
982 3436 1177 3488 falsche
1243 3436 1570 3505 Vorladung,
1603 3477 1606 3481 ,
1639 3431 2026 3505 ψευδοκλητείας,
