2320 3822
1963 45 2029 97 41

140 194 362 261 perrime
385 215 392 221 ·
417 176 540 244 vero
591 190 995 242 Christensenus
1053 188 1127 254 (in
1177 204 1355 255 opusc.
1408 187 1532 254 phil.
1587 188 1651 238 ad
1699 187 1733 238 J
1736 189 1816 238 oh.
1857 188 2030 239 Madv.

139 286 316 338 miss0.
338 303 388 354 p.
416 285 607 351 1—20)
646 300 754 335 non
788 284 907 350 jure
946 281 1262 333 sententiam
1298 279 1443 330 illam
1479 280 1710 332 valuisse
1749 281 2031 333 contendit.

142 378 493 441 Quamobrem
567 378 934 430 examinemus
1010 374 1369 426 Christenseni
1453 375 1781 425 sententiam.
1895 373 2037 426 Dicit

141 474 207 542 (p.
261 473 374 540 16):
447 471 831 539 „Athenienses
889 468 1045 520 sociis
1102 468 1257 536 longe
1288 468 1562 534 'majorem
1616 470 1817 536 partem
1867 468 2036 535 Judis—

141 567 360 619 dicundi
413 565 685 635 potestatis
742 563 1018 629 ademisse,
1073 562 1129 613 id
1188 561 1330 630 quod
1382 560 1682 613 Boeckhius
1738 561 1871 628 vult,
1928 577 2037 612 non

138 663 308 730 potest
345 659 534 712 credi.“
611 657 791 726 Longe
829 673 952 709 vero
980 657 1241 723 majorem
1279 659 1479 724 partem
1509 656 1770 706 sociorum
1798 653 2037 707 ὑποτελῶν

141 770 327 807 causas
382 754 594 821 majoris
650 752 904 810 momenti
954 766 1106 819 agere
1158 749 1403 802 debuisse
1441 749 1684 816 Athenis,
1743 749 1893 801 docet
1940 764 2038 800 nos

139 847 706 915 Pseudoxenophontis
762 846 928 912 locus,
999 860 1160 912 quem
1214 844 1369 894 modo
1426 844 1792 908 tractavimus3
1862 859 2038 911 neque

140 958 273 994 usus
328 944 465 993 esset
514 944 696 992 auctor
744 939 918 992 verbis
966 934 1068 1001 „gu
1118 936 1258 996 τοὺς
1310 935 1675 1008 ξυμμάχους
1714 934 2039 1006 ἀναγκάζουσι

140 1036 273 1088 πλεῖν
331 1032 410 1088 ἐπὶ
467 1033 601 1094 ὃίκας
657 1032 939 1102 Ἀθήναζεέί,
1004 1033 1111 1084 nisi
1175 1032 1464 1083 maximam
1521 1032 1783 1083 sociorum
1814 1034 2039 1099 'partem

142 1146 328 1182 causas
375 1146 527 1198 agere
574 1128 819 1181 debuisse
857 1127 1082 1179 Athenis
1130 1127 1178 1178 ei
1225 1142 1541 1194 persuasum
1585 1125 1786 1177 fuisset.
1867 1123 2039 1186 Quare

112 1206 440 1276 >testimonia
495 1223 728 1289 meliora,
788 1221 984 1290 quibus
1034 1237 1108 1285 ea,
1169 1237 1305 1289 quae
1356 1237 1424 1272 ex
1471 1219 2039 1287 Pseudoxenophontis

140 1317 316 1370 verbis
363 1321 586 1387 possunt
634 1316 826 1384 colligi,
883 1315 1282 1382 labefactantur,
1338 1316 1387 1367 ei
1435 1318 1561 1366 sunt
1611 1313 1888 1379 afferenda,
1947 1314 2039 1380 qui

142 1411 243 1463 sibi
289 1412 619 1480 proposuerit
665 1411 1038 1477 demonstrare,
1094 1409 1320 1461 Athenis
1369 1409 1537 1461 socios
1588 1424 1775 1460 causas
1827 1408 2040 1475 majoris

139 1507 392 1558 momenti
430 1521 582 1574 agere
616 1521 725 1556 non
748 1504 1007 1556 debuisse.
1085 1503 1395 1570 VideamuS,
1434 1506 1615 1554 utrum
1636 1501 2042 1554 Christensenus

141 1598 707 1668 Pseudoxenophontis
757 1599 1120 1650 testimonium
1156 1597 1558 1649 labefactaverit.
1635 1597 1878 1649 Primum
1917 1595 2043 1646 dicit

139 1693 268 1746 haec
314 1694 380 1762 (p.
425 1694 539 1762 17):
603 1693 836 1761 „Naxios
883 1694 1046 1762 igitur
1083 1696 1135 1744 et
1170 1692 1385 1744 Thasios
1426 1693 1547 1760 quis
1585 1691 1687 1743 sibi
1723 1692 2043 1760 persuaserit

135 1787 246 1855 jam
303 1788 586 1839 undecimo
634 1788 720 1839 vel
770 1791 955 1855 quarto
1006 1786 1208 1838 decimo
1259 1786 1521 1838 societatis
1572 1802 1712 1837 anno
1750 1802 1919 1854 paene
1957 1786 2041 1838 sui

135 1881 271 1949 juris
343 1897 457 1933 esse
527 1881 765 1934 desisse?
858 1880 1074 1932 Thasios
1130 1880 1432 1932 tributarios
1488 1879 1650 1931 factos
1707 1879 2042 1946 Thucydides

143 1974 292 2039 dicit3
327 1975 687 2042 jurisdicundi
725 1978 979 2043 potestate
1018 1975 1163 2026 omni
1182 1974 1286 2026 fere
1319 1977 1511 2026 exutos
1543 1990 1611 2025 ne
1638 1973 1798 2026 verbo
1821 1974 2038 2042 quidem

144 2072 540 2135 commemorat3
598 2085 698 2121 nec
734 2068 1052 2120 Plutarchus
1102 2069 1159 2119 in
1197 2068 1342 2136 pacis
1381 2067 1784 2120 condicionibus
1823 2084 2041 2120 enume-

140 2162 320 2214 randis
384 2164 498 2230 ejus
558 2165 635 2215 rei
679 2162 859 2214 ullam
924 2164 1248 2233 mentionem
1303 2162 1476 2214 facit.“
1574 2161 1676 2214 Sed
1730 2163 1854 2214 inde
1910 2162 2042 2213 nihil

142 2248 409 2324 sequitur,
457 2273 581 2330 cum
618 2256 954 2323 Thucydides
991 2273 1100 2308 non
1138 2257 1194 2308 id
1231 2259 1368 2325 agat,
1415 2259 1477 2307 ut
1514 2271 1698 2308 omnes
1736 2257 1879 2324 pacis
1919 2273 2042 2308 con-

142 2349 364 2402 dicionis
421 2355 720 2404 enumeret:
779 2349 939 2402 Thuc.
981 2350 1025 2418 I,
1085 2351 1205 2418 101,
1256 2352 1316 2403 31
1376 2348 1579 2413 „Odeum
1635 2348 1688 2401 δὲ
1745 2347 1887 2420 τρίτῳ
1945 2347 2042 2402 ἐ’τει

139 2442 535 2514 πολιορκούμενοι
594 2443 910 2514 ὡμολόγησαν
962 2442 1236 2513 Ἀθηναίοις
1292 2443 1452 2515 τεῖχός
1509 2463 1560 2495 τε
1615 2442 1904 2503 καθελόντες
1960 2441 2041 2496 καὶ

139 2541 254 2596 ναῦς
295 2537 590 2608 παραδόντες
627 2538 860 2610 χρήματά
911 2559 963 2591 τε
1010 2536 1101 2590 ὅσα
1141 2536 1240 2590 ἔδει
1278 2536 1543 2590 ἀποδοῦναι
1582 2536 1752 2590 αὐτίκα
1790 2536 2044 2607 ταξάμενοι

140 2629 221 2684 καὶ
270 2631 322 2684 τὸ
375 2632 540 2684 λοιπὸν
588 2633 765 2704 φέρειν,
822 2632 906 2703 τήν
957 2653 1009 2685 τε
1055 2629 1252 2703 ἤπειρον
1301 2630 1383 2684 καὶ
1430 2632 1482 2684 τὸ
1524 2632 1759 2702 μέταλλον
1799 2630 2041 2701 ἀφέντες.“

140 2725 457 2779 Plutarchus
515 2732 692 2780 autem
741 2729 825 2796 iis,
884 2743 1020 2796 quae
1072 2728 1135 2780 de
1181 2726 1383 2779 Thasiis
1429 2727 1570 2794 facit,
1621 2726 1796 2779 verbis
1835 2726 2041 2793 (Cimon

141 2837 183 2871 c.
228 2821 341 2888 14):
401 2818 520 2884 ,,Ἐκ
570 2820 624 2874 δὲ
674 2820 843 2874 τούτου
883 2819 1090 2880 Θασίους
1129 2819 1214 2891 μὲν
1254 2819 1554 2879 ἀποστάντας
1588 2817 1858 2889 Ἀθηναίων
1896 2839 2044 2872 κατα-

139 2913 458 2986 ναυμαχήσας
514 2916 636 2986 τρεῖς
692 2914 774 2968 καὶ
830 2914 1083 2986 τριάκοντα
1140 2919 1254 2974 ναῦς
1306 2913 1454 2985 ἔλαβε
1501 2912 1582 2967 καὶ
1628 2914 1713 2984 τὴν
1760 2912 1897 2966 πόλιν
1945 2915 2043 2973 ἐξε-

140 3007 432 3079 πολιόρκησε
488 3007 570 3062 καὶ
616 3009 675 3062 τά
722 3010 926 3081 χρυσεῖα
974 3009 1034 3062 τοὶ
1072 3009 1221 3080 πέραν
1255 3006 1529 3077 Ἀθηναίοις
1567 3006 1923 3079 προσεκτήσατο
1962 3003 2042 3058 καὶ

139 3100 317 3172 χώραν,
356 3098 413 3171 ἧς
452 3104 664 3175 ἐπῆρχον
704 3102 890 3167 Θάσιοι,
930 3102 1258 3174 παρέλαβεν“,·
1304 3103 1436 3154 nihil
1475 3103 1619 3154 aliud
1657 3104 2041 3167 commemorat,

141 3195 247 3247 nisi
284 3195 638 3250 Athenienses
675 3197 878 3250 Thasiis
929 3198 1139 3250 metalla
1188 3201 1239 3249 et
1276 3201 1467 3264 terram
1502 3197 1560 3248 in
1598 3196 1747 3248 litore
1786 3194 2040 3246 contrario

142 3290 413 3357 eripuisse.
490 3290 644 3343 Pacis
685 3295 862 3344 autem
901 3291 1237 3343 condiciones
1288 3291 1370 3342 his
1408 3290 1582 3341 verbis
1620 3305 1728 3339 non
1768 3288 2041 3338 continen-

141 3387 240 3433 tur.
336 3381 542 3436 Deinde
597 3385 793 3453 pergit:
823 3384 1079 3436 -Naxum
1135 3384 1271 3436 bello
1341 3387 1637 3451 superatam
1706 3378 2041 3445 Thucydides

143 3476 452 3545 δουλωθῆναι
489 3482 666 3529 narrat
704 3478 880 3544 (Thuc.
923 3478 967 3545 I,
1005 3478 1120 3544 98);
1174 3477 1265 3529 sed
1303 3477 1402 3528 hoc
1440 3472 1661 3528 verbum
1700 3476 1835 3524 certe
1872 3471 2039 3541 magis
