2320 3822
1946 44 2015 96 57

119 188 235 260 πρὸς
291 188 400 247 τούς
457 186 698 256 ὑπηκόους
759 183 963 256 μετρίοις
1030 180 1137 236 οὖσι
1193 184 1314 237 διότι
1369 190 1506 237 τοῦτο
1563 185 1650 237 οὐκ
1707 185 2015 247 ὀνειδίζεταιε

12 264 18 272 ι
120 282 376 355 βιάζεσθαι
431 282 522 352 γὰρ
579 281 648 340 οἷς
705 277 762 332 ἂν
820 281 916 349 ἐξῇ,
975 277 1261 337 δικάζεσθαι
1311 275 1450 329 οὐδὲν
1488 279 1806 348 προςδέονται.
1882 281 1926 332 οἱ
1965 280 2018 332 δὲ

122 377 384 446 εἰθισμένοι
438 376 554 446 πρὸς
607 373 735 444 ἡμᾶς
792 372 888 425 ἀπὸ
946 377 1030 424 τοῦ
1085 370 1189 424 ἴσου
1248 370 1461 441 ὁμιλεῖν,
1501 368 1603 442 ἤντι
1661 374 1792 443 παρὰ
1850 375 1900 425 τὸ
1951 376 2016 444 μὴ

118 469 310 524 οἴεσθαι
345 475 523 542 χρῆναι
559 466 590 538 ἢ
628 467 793 538 γνώμῃ
833 464 864 536 ἢ
904 465 1104 536 δυνάμει
1141 471 1201 536 τῇ
1240 465 1319 517 διὰ
1355 466 1438 535 τὴν
1470 464 1626 537 ἀρχὴν
1661 468 2018 528 ἐλασσωθῶσιν,

118 563 175 618 οὖ
231 568 314 617 τοῦ
369 563 567 622 πλέονος
616 561 682 632 μή
723 559 1077 632 στερισκόμενοι
1113 559 1256 631 χάριν
1297 559 1502 631 ἔχουσιν,
1544 558 1670 612 ἀλλά
1707 566 1791 613 τοῦ
1829 562 2019 620 ἐνδεοός

119 661 206 727 (80.
249 656 619 729 στερισκόμενοι)
676 655 1017 727 χαλεπώτερον
1074 656 1298 726 φέρουσιν
1354 651 1386 723 ἤ
1440 655 1480 706 εἰ
1529 652 1626 707 ἀπὸ
1673 654 1861 725 πρώτης
1901 654 2019 707 ἀπο-

116 752 313 823 θέμενοι
360 751 439 803 τόν
488 750 631 821 νόμον
680 755 897 821 φανερῶς
945 752 1394 819 ἐπλεονεκτοόμεν.“
1472 749 1619 811 Quae
1658 749 1818 802 verba
1864 750 2020 818 plane

117 839 492 913 demonstrant,
530 846 706 897 nullos
745 846 873 897 alios
912 845 1236 914 significatos
1270 861 1402 911 esse,
1442 845 1546 896 nisi
1567 844 1735 895 800108
1757 842 2017 907 ὑποτελεῖς,

116 942 396 1011 praecipue
434 940 523 991 illa
562 941 685 1008 §phi
708 941 765 992 3:
809 936 895 1008 ,,ἤν
935 980 945 991 .
984 980 994 990 .
1034 980 1044 991 .
1084 980 1094 991 .
1133 936 1164 1008 ἤ
1203 937 1367 1008 γνώμῃ
1407 935 1437 1008 3}
1478 937 1679 1007 δυνάμει
1716 942 1777 1008 τῇ
1815 938 1894 990 διὰ
1934 938 2019 1008 τὴν

116 1033 272 1106 ἀρχὴν
328 1032 410 1086 καὶ
465 1033 686 1086 ὁπωσοῦν
743 1035 1099 1097 ἐλασσωθῶσιν,
1157 1031 1214 1085 οὐ
1271 1038 1354 1085 τοῦ
1406 1032 1604 1091 πλέονος
1665 1032 2020 1103 στερισκόμενοι

116 1129 258 1201 χάριν
297 1114 520 1200 ἔχουσινίί
560 1129 764 1195 docent,
803 1132 1057 1180 oratorem
1094 1129 1242 1196 loqui
1282 1128 1344 1178 de
1384 1127 1539 1178 800118
1578 1141 1684 1178 11011
1708 1126 2015 1198 αὐτονόμοις;

118 1224 358 1288 concedit
412 1225 554 1276 enim
611 1227 808 1289 orator,
878 1223 1046 1274 socios
1102 1222 1218 1273 illos
1276 1222 1340 1273 ab
1398 1221 1818 1273 Atheniensibus
1873 1227 2018 1291 parte

119 1318 347 1386 quadam
395 1317 650 1369 libertatis
696 1317 926 1384 privatos
965 1333 1080 1368 esse
1119 1316 1312 1383 (verbis
1350 1313 1406 1367 οὐ
1446 1320 1530 1367 τοῦ
1568 1315 1828 1375 πλέονος
1868 1337 2018 1387 στερι-

117 1411 353 1481 σκόμενοι,
418 1412 598 1479 itaque
662 1410 840 1478 aliqua
895 1409 1148 1462 libertatis
1204 1414 1348 1479 parte
1407 1415 1533 1461 sunt
1588 1411 1823 1479 privati),
1884 1411 2017 1462 illud

115 1510 292 1558 autem
324 1507 433 1573 jam
473 1523 632 1578 supra
671 1504 903 1556 vidimus
942 1522 1235 1572 numquam
1262 1505 1524 1575 accidisse
1546 1506 1700 1556 sociis
1722 1503 2017 1575 αὐτονόμοις.

115 1599 218 1655 Sed
274 1616 398 1651 011111
454 1600 631 1650 omnia
676 1599 764 1650 illa
813 1598 969 1650 verba
1018 1601 1047 1665 ξ
1089 1600 1122 1650 2
1161 1603 1212 1650 et
1250 1601 1282 1651 3
1332 1599 1397 1650 ad
1445 1598 1520 1662 ,,οἱ
1570 1598 1843 1670 ξύμμαχοιίί
1894 1602 2018 1669 §phi

113 1695 311 1762 primae
350 1695 455 1745 sint
491 1694 778 1760 referenda,
818 1698 1030 1761 apparet
1069 1694 1226 1744 etiam
1264 1694 1319 1743 in
1362 1694 1497 1761 §pho
1532 1694 1699 1762 prima
1734 1694 2018 1762 significari

115 1789 284 1840 socios
330 1805 438 1839 non
491 1785 782 1857 αὐτονόμους
830 1786 1113 1855 (ὑποτελεῖς)
1163 1788 1313 1839 solos.
1374 1820 1441 1824 ——
1503 1787 1655 1849 Quod
1704 1805 1827 1839 011111
1865 1789 2018 1840 nobis

114 1886 315 1933 certum
355 1883 437 1949 sit,
477 1883 532 1932 in
571 1885 677 1933 toto
717 1899 794 1950 op.
823 1883 887 1934 77
930 1883 1329 1934 commemorari
1370 1883 1537 1933 800108
1577 1881 1822 1942 ὑποτελεῖς
1863 1884 2017 1950 80108,

116 1992 450 2044 quaeramus,
491 1980 672 2027 utrum
709 1977 763 2026 in
806 1977 941 2044 §pho
967 1976 991 2027 1
1025 1977 1262 2043 ejusdem
1295 1977 1479 2044 eapitis
1511 1976 1574 2027 de
1606 1994 1714 2027 uno
1736 1994 2016 2029 causarum

113 2085 304 2138 genere
343 2087 410 2121 an
451 2071 514 2122 de
554 2070 762 2122 duobus
802 2075 1000 2138 agatur.

258 2164 449 2216 Verbis
488 2162 599 2227 ,,καὶ
639 2163 985 2233 ἐλασσούμενοι
1023 2206 1032 2216 .
1073 2206 1082 2216 .
1123 2206 1132 2215 .
1171 2206 1180 2215 .
1221 2166 1481 2234 φιλοδικεῖν
1516 2167 1779 2234 δοκοῦμεν“
1802 2166 2018 2233 probare

114 2261 283 2310 orator
333 2259 508 2311 studet
557 2259 629 2326 id,
689 2260 831 2327 quod
883 2259 1018 2310 dixit
1067 2260 1241 2311 verbis
1290 2259 1657 2311 antecentibus
1708 2276 1785 2327 op.
1830 2260 1915 2327 76,
1953 2261 2014 2311 4;

114 2350 255 2422 ,,ἡμῖν
303 2351 356 2404 δὲ
404 2350 485 2404 καὶ
535 2354 588 2404 ἐκ
626 2357 734 2404 τοῦ
773 2354 1108 2411 ἐπιεικοῦς
1149 2351 1316 2413 ἀδοξία
1355 2353 1407 2405 τὸ
1447 2353 1590 2404 πλέον
1629 2350 1660 2422 ἢ
1702 2352 1892 2412 ἔπαινος
1931 2352 2018 2406 οὑκ

116 2445 311 2504 εἰκότως
360 2446 618 2516 περιέστη“
675 2452 729 2498 et·
775 2447 977 2499 verbis:
1038 2445 1148 2510 ,,κα“ι
1201 2448 1548 2518 ἐλασσούμενοι
1587 2489 1596 2499 .
1637 2490 1646 2500 .
1686 2489 1695 2499 .
1735 2447 2018 2518 ποιήσαντες

114 2539 198 2598 τὰς
236 2537 467 2609 κρίσεις“;
510 2541 864 2593 demonstrare
904 2547 1073 2594 orator
1110 2543 1226 2594 vult
1245 2544 1656 2595 Atheniensium
1690 2544 2014 2595 modestiam.

117 2633 469 2696 Quamobrem
517 2651 723 2702 causae,
781 2653 916 2704 quae
964 2636 1028 2688 ab
1077 2654 1136 2688 eo
1189 2642 1682 2703 commemorantur,
1741 2654 1849 2688 non
1890 2643 2017 2688 sunt

115 2745 222 2796 eae,
282 2745 417 2797 quae
474 2733 622 2781 erant
677 2731 814 2781 inter
870 2731 1011 2782 cives
1068 2732 1306 2798 ejusdem
1362 2732 1510 2783 urbis
1565 2733 1749 2784 sociae.
1830 2731 2016 2783 Causis

115 2824 258 2875 enim
314 2823 420 2875 illis
468 2827 638 2875 orator
684 2840 1025 2891 nequaquam
1074 2826 1332 2892 potuisset
1384 2826 1756 2893 demonstrare,
1814 2842 2018 2894 semper

91 2933 307 2986 ‘magna
344 2917 698 2970 Athenienses
735 2919 791 2968 in
832 2919 986 2970 sociis
1026 2935 1151 2970 usos
1190 2935 1304 2970 esse
1342 2920 1613 2986 modestia,
1664 2937 1787 2971 oum
1827 2936 2016 2971 causae

113 3010 250 3078 illae,
292 3013 486 3080 quippe
526 3029 661 3080 quae
701 3028 906 3080 semper
944 3012 1169 3065 Athenis
1209 3018 1384 3065 essent
1413 3014 1662 3081 agendae,
1702 3030 1729 3065 e
1760 3014 2015 3064 contrario

116 3104 488 3173 significarent,
527 3107 583 3156 in
615 3106 950 3158 durissimam
982 3108 1288 3159 servitutem
1322 3108 1489 3158 800108
1511 3107 1575 3158 ab
1597 3106 2014 3159 Atheniensibus

113 3198 348 3250 redactos
387 3215 516 3251 esse.
592 3198 798 3252 Deinde
838 3200 1024 3252 verba:
1066 3201 1356 3271 ,,φιλοὸικεῖν
1378 3204 1641 3269 ὃοκοῦμεν“
1682 3201 1813 3265 (1108,
1852 3198 2013 3249 Athe-

114 3293 344 3363 nienses,
399 3292 613 3361 litigiosi
661 3294 919 3362 videmur)
972 3295 1132 3347 altera
1182 3311 1248 3346 ex
1296 3298 1440 3363 parte
1492 3294 1698 3357 docent,
1756 3292 1853 3342 hoo
1899 3291 2012 3342 1000

117 3385 180 3438 de
230 3384 392 3437 nullis
443 3386 558 3438 aliis
610 3389 785 3440 causis
811 3389 941 3439 -nisi
981 3389 1044 3440 de
1081 3389 1164 3454 118,
1224 3405 1358 3455 quae
1397 3392 1545 3439 erant
1581 3388 1717 3436 inter
1755 3385 1924 3435 socios
1962 3381 2035 3436 et‘

114 3478 486 3546 AthenienseS,
542 3482 864 3533 mentionem
909 3481 1047 3533 fieri:
1109 3481 1371 3548 quomodo
1410 3482 1553 3532 enim
1591 3475 1805 3546 litigiosi
1844 3478 2010 3529 videri
