2320 3822
55 1056 191 1122 §a

53 1433 189 1499 §z

49 2094 184 2160 §3

49 2377 86 2443 ξ·
137 2378 185 2429 9.

51 3134 380 3199 §10....‚

50 3321 186 3387 sn.

236 57 303 111 10

231 196 369 270 ἦσαν,
419 199 516 253 ἀπὸ
566 199 619 253 δὲ
670 200 829 270 νήσων
871 201 1011 254 Κεῖοι
1061 201 1143 255 καὶ
1182 198 1392 273 Ἄνδριοι
1430 201 1512 255 καὶ
1551 202 1730 272 Τήνιοι,
1770 204 1826 255 ἐκ
1865 200 2139 262 δῌΙωνίας

234 294 467 365 Μιλήσιοι
514 293 597 347 καὶ
647 294 825 365 Σάμιοι
873 292 955 347 καὶ
995 295 1128 349 Χῖοι.
1201 295 1382 349 τούτων
1422 297 1541 350 Χῖοι
1587 295 1682 368 οὐχ
1721 296 1968 355 ὑποτελεῖς
2007 292 2138 356 ὄντες

232 389 398 461 φόρου,
439 392 553 448 ναῦς
592 387 646 441 δὲ
685 389 980 461 παρέχοντες
1022 389 1281 461 αὐτόνομοι
1319 391 1612 451 ξυνέσποντο.
1687 389 1770 444 καὶ
1816 390 1869 443 τὸ
1917 391 2138 443 πλεῖστον

222 479 388 543 Ἴωνες
428 480 558 543 ὄντες
596 479 729 536 οὗτοι
767 482 941 543 πάντες
978 483 1060 537 καὶ
1100 484 1180 538 ἀπ’
1211 483 1483 554 Ἀθηναίων
1513 485 1638 555 πλὴν
1660 483 1947 556 Καρυστίων
1988 480 2139 552 (οὗτοι

231 576 276 597 28>

230 599 256 630 0
321 576 412 630 εἰσὶ
452 577 701 648 Δρύοπες),
744 577 950 648 ὑπήκοοι
989 577 1035 630 δ’
1079 575 1209 639 ὄντες
1248 577 1330 632 καὶ
1370 578 1559 650 ἀνάγκῃ
1599 577 1730 650 ὅμως
1758 575 1927 638 Ἴωνές
1964 599 2021 649 γε
2058 576 2139 632 ἐπὶ

183 721 193 730 ,
229 673 430 744 Δοριέας
470 671 786 743 ἠκολούθουν.
825 672 942 743 πρὸς
991 672 1037 725 δ’
1083 672 1243 733 αὐτοῖς
1283 673 1480 743 Αἰολῆς,
1522 674 1838 744 Μηθυμναῖοι
1877 672 1962 745 μὲν
2000 671 2138 726 ναυσὶ

227 765 309 819 καὶ
361 766 417 819 ού
469 767 607 838 φόρῳ
661 765 880 837 ὑπήκοοι,
920 766 1135 819 Τενέδιοι
1174 767 1227 820 δὲ
1266 766 1349 821 καὶ
1388 766 1545 821 Αἴνιοι
1585 765 1844 827 ὑποτελεῖς.
1913 763 2045 820 οὗτοι
2082 766 2138 820 δὲ

228 860 410 931 Αἰολῆς
450 861 682 915 Αἰολεῦσι
720 861 815 920 τοῖς
854 859 1043 914 κτίσασι
1081 860 1316 922 Βοιωτοῖς
1355 863 1449 922 τοῖς
1502 862 1624 933 μετὰ
1664 861 1975 933 Συρακοσίων
2015 861 2132 915 κατ’

227 955 440 1026 ἀνάγκην
481 955 738 1028 ἐμάχοντο,
780 956 1030 1026 Πλαταιῆς
1070 955 1124 1007 δὲ
1162 956 1448 1027 καταντικρῦ
1481 955 1692 1010 Βοιωτοὶ
1725 956 1960 1016 Βοιωτοῖς
1999 955 2138 1027 μόνοι

227 1050 424 1110 εἰκότως
463 1050 589 1103 κατὰ
627 1050 680 1102 τὸ
721 1049 883 1123 ἔχθος.
928 1049 1119 1103 Ῥόδιοι
1148 1049 1201 1102 δὲ
1240 1049 1322 1103 καὶ
1362 1051 1605 1122 Κυθήριοι
1626 1052 1815 1123 Δωριῆς
1854 1049 2137 1122 ἀμφότεροι,

226 1145 270 1197 οἱ
309 1144 396 1216 μὲν
435 1144 835 1215 Λακεδαιμονίων
888 1141 1096 1209 ἄποικοι,
1150 1145 1407 1217 Κυθήριοι,
1460 1144 1539 1207 ἐπὶ
1577 1143 1990 1216 Λακεδαιμονίους
2027 1145 2137 1206 τοῦς

226 1237 330 1310 ἅμα
381 1238 614 1310 Γυλίππῳ
679 1239 798 1310 μετὰ
847 1238 1120 1309 Ἀθηναίων
1177 1237 1306 1292 ὅπλα
1360 1239 1544 1311 ἔφερον,
1579 1239 1770 1293 εΡόδιοι
1820 1240 1888 1305 δέ,
1933 1238 2138 1312 Ἀργεῖοι

223 1334 372 1403 γένος,
420 1332 733 1406 Συρακοσίοις
785 1333 870 1404 μὲν
910 1330 1162 1405 Δωριεῦσι,
1203 1332 1412 1405 Γελῴοις
1462 1332 1516 1386 δὲ
1566 1332 1648 1386 καὶ
1697 1333 1916 1394 ἀποίκοις
1955 1336 2137 1387 ἑαυτῶν

224 1424 344 1493 ὀῦσι,
396 1428 516 1499 μετα
556 1427 866 1499 Συρακοσίων
907 1428 1314 1500 στρατευομένοις,
1363 1428 1690 1498 ἠναγκάζοντο
1730 1419 1972 1500 πολεμεῖν.
2046 1433 2137 1481 τῶν

223 1543 275 1575 τε
332 1521 441 1594 περὶ
494 1522 861 1593 Πελοπόννησον
918 1527 1163 1593 νησιωτῶν
1214 1523 1536 1595 Κεφαλλῆνες
1594 1523 1680 1594 μὲν
1736 1521 1820 1576 καὶ
1868 1522 2137 1576 Ζακύνθιοι

225 1616 482 1688 αὐτόνομοι
530 1618 629 1688 μέν,
679 1618 803 1670 κατὰ
857 1617 911 1669 δὲ
962 1617 1015 1669 τὸ
1064 1617 1348 1687 νησιωτικὸν
1400 1622 1583 1688 μᾶλλον
1630 1617 2008 1689 κατειργόμενοι,
2061 1614 2136 1670 ὅτι

224 1711 475 1781 θαλάσσης
509 1712 739 1783 ἐκράτουν
773 1712 817 1764 οἱ
846 1711 1110 1782 Ἀθηναῖοι,
1151 1711 1442 1773 ξυνείποντο·
1483 1713 1778 1784 Κερκυραῖοι
1816 1711 1870 1765 δὲ
1904 1711 1961 1765 οὐ
1992 1711 2135 1783 μόνον

222 1807 427 1877 Δωριῆς,
480 1804 606 1859 ἀλλὰ
659 1805 742 1859 καὶ
782 1805 1035 1878 Κορίνθιοι
1087 1812 1252 1877 σαφῶς
1305 1806 1383 1860 ἐπὶ
1423 1805 1711 1877 Κορινθίους
1758 1826 1811 1859 τε
1859 1805 1943 1860 καὶ
1980 1806 2136 1878 Συρα-

221 1899 425 1963 κοσίους,
478 1905 566 1952 τῶν
619 1900 705 1971 μὲν
758 1897 953 1954 ἄποικοι
1003 1897 1148 1965 ὄντες,
1196 1906 1287 1954 τῶν
1337 1901 1392 1954 δὲ
1441 1902 1688 1971 ξυγγενεῖς,
1729 1899 1916 1971 ἀνάγκη
1956 1899 2042 1971 μὲν
2081 1903 2137 1954 ἐκ

221 2000 306 2048 τοῦ
346 1994 628 2067 εὐπρεποῦς,
682 1995 914 2067 βουλήσει
965 1995 1018 2048 δέ
1066 1996 1191 2049 κατὰ
1248 1995 1398 2068 ἔχθος
1448 1996 1501 2048 τὸ
1544 1993 1817 2067 Κορινθίων
1856 1993 1952 2067 οὐχ
1987 1991 2136 2065 ἧσσον

222 2090 422 2143 εἵποντο.
498 2088 581 2143 καὶ
629 2090 674 2142 οἱ
724 2090 995 2160 Μεσσήνιοι
1045 2094 1124 2144 νῦν
1173 2090 1469 2161 καλούμενοι
1519 2092 1575 2142 ἐκ
1622 2089 1919 2143 Ναυπάκτου
1957 2087 2042 2142 καὶ
2081 2092 2137 2143 ἐκ

224 2185 386 2238 Πύλου
425 2184 534 2237 τότε
574 2183 655 2237 ὑπ’
697 2184 970 2254 Ἀθηναίων
1011 2186 1250 2257 ἐχομένης
1290 2187 1338 2245 ἐς
1375 2185 1455 2237 τὸν
1487 2183 1700 2254 πόλεμον
1732 2182 2135 2255 παρελήφθησαν.

221 2278 303 2332 καὶ
343 2279 412 2332 ἔτι
452 2279 725 2350 Μεγαρέων
763 2279 976 2351 φυγάδες
1015 2279 1072 2332 ού
1112 2277 1284 2332 πολλοὶ
1324 2277 1608 2350 Μεγαρεῦσι
1646 2276 1989 2337 Σελινουντίοις
2027 2273 2136 2331 οῦσι

222 2375 345 2427 κατὰ
385 2374 630 2444 ξυμφορὰν
669 2373 925 2446 ἐμάχοντο.
963 2380 1054 2427 τῶν
1094 2374 1148 2427 δὲ
1181 2370 1344 2427 ἄλλων
1378 2372 1594 2432 ἑκούσιος
1629 2376 1813 2443 μᾶλλον
1846 2371 1877 2441 ἡ
1910 2371 2135 2444 στρατεία

223 2467 432 2539 ἐγίγνετο
471 2463 581 2537 ἤδη.
652 2466 856 2539 Ἀργεῖοι
896 2468 982 2539 μὲν
1020 2469 1112 2540 γὰρ
1152 2468 1209 2522 ού
1257 2474 1342 2538 τῆς
1381 2466 1656 2539 ξυμμαχίας
1697 2468 1839 2519 ἕνεκα
1879 2471 2063 2537 μᾶλλον
2101 2464 2134 2538 ἢ

222 2568 304 2633 τῆς
358 2561 757 2633 Λακεδαιμονίων
821 2579 873 2615 τε
925 2562 1110 2635 ἔχθρας
1161 2561 1244 2615 καὶ
1294 2567 1378 2632 τῆς
1429 2560 1705 2633 παραυτίκα
1758 2562 1954 2614 ἕκαστοι
2007 2560 2134 2623 ἰδίας

222 2656 431 2729 ὠφελίας
479 2658 669 2728 Δωριῆς
721 2655 799 2715 ἐπὶ
851 2657 1068 2728 Δωριέας
1120 2657 1241 2727 μετὰ
1276 2655 1549 2726 Ἀθηναίων
1591 2655 1766 2709 Ἰώνων
1813 2655 2134 2726 ἠκολούθουν,

682 2749 694 2768 ἱ
758 2746 783 2768 >l

224 2753 468 2821 Μαντινῆς
516 2750 570 2804 δὲ
619 2772 701 2803 και
750 2754 893 2803 αλλοι
936 2750 1184 2822 Ἀρκάδων
1235 2751 1540 2823 μισθοφόροι,
1589 2748 1668 2804 ἐπὶ
1715 2750 1824 2810 τοῦς
1872 2748 1951 2803 ἀεὶ
1989 2755 2133 2804 πολε-

225 2845 361 2917 μίους
411 2844 568 2917 σφίσιν
619 2844 1051 2915 ἀποδεικνυμένους
1109 2845 1340 2906 εἰωθότες
1378 2844 1522 2915 ἰέναι,
1572 2843 1655 2898 καὶ
1704 2844 1813 2897 τότε
1862 2844 1972 2904 τοῦς
2011 2845 2134 2916 μετὰ

223 2939 496 3012 Κορινθίων
548 2939 778 2999 ἐλθόντας
825 2939 1060 3011 Ἀρκάδας
1111 2939 1252 2993 οὐδὲν
1309 2936 1456 3010 ἧσσον
1508 2940 1589 2992 διὰ
1645 2937 1815 3010 κέρδος
1865 2937 2130 3009 ἡγούμενοι

221 3033 494 3106 πολεμίους,
538 3034 726 3106 Κρῆτες
774 3034 827 3087 δὲ
875 3033 957 3087 καὶ
997 3033 1211 3088 Αἰτωλοὶ
1251 3037 1412 3105 μισθῷ
1443 3031 1525 3086 καὶ
1567 3029 1700 3085 οὗτοι
1737 3032 2030 3093 πεισθέντες.
2069 3073 2080 3086 .
2119 3073 2131 3086 .

418 3124 501 3181 καὶ
535 3127 837 3199 Ἀκαρνάνων
887 3126 1008 3188 τινὲς
1061 3126 1165 3200 ἅμα
1213 3128 1299 3199 μὲν
1349 3127 1524 3199 κέρδει,
1576 3127 1629 3180 τὸ
1682 3125 1736 3179 δὲ
1784 3127 1930 3179 πλέον
1969 3128 2131 3198 Δημο-

223 3224 420 3283 σθένους
467 3220 606 3294 φιλίᾳ
654 3221 736 3276 καὶ
780 3221 1052 3292 Ἀθηναίων
1101 3221 1264 3293 εὐνοία
1312 3221 1558 3293 ξύμμαχοι
1605 3216 1736 3280 ’ὄντες
1784 3221 2131 3294 ἐπεκούρησαν.

220 3316 302 3370 καὶ
340 3316 442 3371 οἵδε
481 3316 567 3388 μὲν
605 3322 674 3387 τῷ
700 3315 857 3387 Ἰονίῳ
895 3316 1065 3388 κόλπῳ
1103 3316 1418 3388 ὁριζόμενοι.“

369 3412 486 3474 Quo
539 3413 602 3464 de
649 3412 764 3464 loco
816 3413 894 3464 sic
933 3410 1168 3480 disputat
1207 3414 1273 3481 (p.
1316 3414 1392 3479 3):
1451 3410 1809 3479 „Thucydidis
1849 3409 1962 3461 libr.
2004 3411 2130 3481 VII,

221 3521 299 3575 cp.
341 3507 430 3573 57,
478 3504 572 3557 ubi
611 3507 791 3576 copiae
829 3506 1241 3558 Atheniensium
1279 3507 1336 3557 in
1376 3506 1556 3559 Sicilia
1591 3508 1953 3574 recensentur,
1999 3507 2131 3575 ipsis
