2320 3822
257 64 326 119 12

254 214 504 279 tempore,
564 227 669 279 quo
707 211 1064 265 Athenienses
1114 213 1405 280 Syracusas
1455 227 1764 279 expugnare
1808 213 2161 282 intenderent,

256 306 453 358 summi
501 305 688 357 fuisset
737 308 1017 372 momenti,
1075 323 1253 375 neque
1290 306 1626 373 Thucydides
1675 307 1940 358 sociorum
1977 311 2163 375 poten-

253 400 579 451 tissimorum
651 399 997 452 defectionem
1067 405 1226 470 atque
1287 401 1486 453 bellum
1541 401 1667 452 inde
1722 401 1897 453 oriens
1953 401 2160 454 silentio

253 494 617 562 praeteriisset.
695 493 918 546 Accedit
969 495 1112 563 quod
1150 495 1265 546 libr.
1308 493 1443 545 VIII
1483 511 1562 562 cp.
1609 494 1692 562 14,
1732 497 1766 547 2
1805 495 1958 546 dicit:
2015 492 2161 565 ,,ἀφι-

254 606 449 639 στανται
505 587 623 641 Χῖοι
674 585 997 657 Ἀθηναίων,“
1058 593 1109 641 et
1148 606 1226 658 cp.
1273 591 1361 656 22,
1401 591 1458 641 2:
1521 586 1834 658 ,,Μη’θυμναν
1892 586 2157 659 ἀφιστᾶσι“

253 683 527 750 (vigesimo
565 682 690 734 belli
727 682 1163 751 Peloponnesiaci
1203 685 1391 750 anno);
1444 682 1643 751 quibus
1681 699 1750 735 ex
1786 683 1964 735 verbis
2004 682 2161 736 Chios

253 780 304 829 et
366 776 768 843 Methymnaeos
834 781 987 829 antea
1062 795 1169 829 non
1248 778 1500 830 defecisse
1567 776 1997 828 concludendum
2063 781 2157 829 est.

254 870 464 933 Quibus
511 871 575 923 de
621 873 797 923 causis
845 872 902 923 id
950 872 1105 924 nobis
1155 873 1309 924 debet
1358 887 1473 923 esse
1519 887 1852 938 persuasum,
1906 870 2064 923 Chios
2109 875 2162 925 et

251 964 652 1032 Methymnaeos
703 967 861 1018 etiam
908 982 968 1018 00
1017 970 1266 1034 tempore,
1320 982 1426 1034 quo
1466 981 1648 1016 eorum
1687 981 1851 1016 naves
1889 968 1940 1017 et
1978 965 2160 1034 copiae

251 1059 542 1126 Syracusas
608 1065 816 1114 coactae
873 1065 1037 1128 erant,
1103 1060 1268 1112 fuisse
1326 1057 1644 1128 αὐτονόμους
1716 1076 1879 1127 quare
1935 1058 2161 1113 verbum

253 1151 512 1224 αὐτόνομοι
548 1158 667 1224 post
703 1155 997 1227 παρέχοντες
1033 1154 1373 1207 retinendum
1412 1158 1504 1205 est.

393 1248 555 1301 Totus
594 1253 772 1302 autem
808 1250 958 1302 locus
998 1250 1074 1301 sic
1110 1249 1501 1317 intellegendus
1539 1251 1645 1300 est:
1685 1247 2024 1315 Thucydides
2063 1250 2094 1316 ἓ
2125 1251 2159 1303 3

250 1344 351 1395 tria
389 1343 515 1395 dicit
553 1345 717 1396 fuisse
757 1345 1081 1396 auxiliorum
1107 1331 1519 1395 Atheniensium
1557 1359 1773 1411 genera:
1819 1343 1867 1411 1)
1907 1341 2160 1416 σύμμαχοι

252 1435 471 1506 ὑπήκοοι,
514 1440 606 1506 qui
644 1443 1026 1491 enumerantur
1064 1440 1129 1505 ἐξ
1168 1439 1329 1505 4-6,
1387 1440 1437 1504 2)
1478 1436 1523 1488 οἱ
1562 1435 1658 1489 ἀπὸ
1699 1435 1974 1509 ξυμμαχίας
2013 1435 2161 1491 αιίτό-

249 1551 400 1602 νομοι,
442 1534 535 1601 qui
573 1537 953 1586 enumerantur
992 1535 1056 1600 ἓξ
1098 1534 1127 1585 7
1168 1536 1219 1584 et
1257 1533 1307 1598 8,
1359 1532 1409 1598 3)
1450 1530 1754 1602 μισθοφόροι,
1808 1532 1902 1599 qui
1940 1548 2160 1585 enume-

249 1630 435 1679 rantur
486 1629 551 1694 §§
590 1629 622 1681 9
663 1631 713 1680 et
756 1628 834 1681 10.
915 1628 1054 1679 Socii
1106 1625 1326 1696 ὑπήκοοι,
1387 1643 1509 1677 011111
1560 1625 1984 1678 Atheniensibus
2035 1643 2161 1678 con-

244 1722 419 1788 juncti
459 1723 720 1774 societatis
760 1722 974 1773 vinculo
1013 1722 1248 1787 arctiore,
1309 1738 1470 1789 quam
1510 1721 1685 1788 ceteri,
1736 1720 2160 1779 Atheniensibus

248 1817 307 1867 in
346 1816 595 1868 omnibus
642 1816 803 1868 rebus
851 1817 915 1867 ad
955 1815 1154 1868 bellum
1192 1814 1580 1884 pertinentibus
1620 1815 1831 1867 obedire
1870 1814 2157 1867 debebant:

253 1927 415 1978 quam
454 1910 519 1962 ob
555 1927 668 1962 rem
709 1908 981 1979 ,,ὑπήκοοι“
1034 1911 1174 1978 (zum
1217 1910 1502 1962 Gehorsam
1541 1909 1889 1978 verpflichtet)
1929 1909 2160 1978 appella-

251 2003 459 2056 bantur.
540 2004 779 2066 Quorum
826 2005 1071 2056 nonnulli
1121 2006 1498 2072 autonomiam,
1558 2022 1664 2073 qua
1712 2009 1834 2056 ante
1872 2003 2162 2057 utebantur

252 2115 457 2167 omnes,
496 2099 597 2151 sibi
636 2104 922 2166 servarant,
971 2116 1136 2151 naves
1176 2103 1353 2151 autem
1391 2098 1639 2167 praebere
1680 2099 1958 2166 debebant,
1999 2116 2160 2167 quam

251 2192 317 2244 ob
375 2209 590 2244 causam
637 2194 820 2245 merito
869 2211 929 2244 ac
972 2195 1091 2262 jure
1129 2193 1466 2260 Thucydides
1522 2190 1880 2262 ,,αότονίμους“
1932 2210 2022 2245 eos
2069 2210 2161 2261 ap-

250 2287 421 2355 pellat.
499 2286 731 2356 Reliqui,
772 2289 865 2355 qui
905 2289 1264 2339 autonomiam
1298 2287 1399 2339 sibi
1431 2304 1541 2339 non
1574 2291 1860 2354 servarant,
1898 2286 2159 2338 tributum

249 2381 568 2449 pendebant,
628 2399 789 2449 quam
839 2381 904 2433 ob
950 2399 1064 2434 rem
1113 2400 1143 2433 a
1187 2381 1496 2448 Thucydide
1549 2379 1860 2449 ,,ὑποτελεῖς“
1915 2381 2160 2450 appellati

250 2481 389 2527 sunt.

394 2569 555 2622 Nulla
611 2575 690 2623 est
743 2572 907 2639 igitur
954 2571 1236 2623 difficultas
1284 2573 1341 2622 in
1388 2570 1564 2623 verbis
1613 2572 1643 2637 ξ
1681 2572 1744 2622 4:
1803 2570 2159 2638 ThucydideS,

251 2681 375 2715 cum
414 2666 583 2717 socios
625 2663 899 2733 ,,ὑπηκόους
938 2662 1020 2716 καὶ
1059 2664 1211 2735 φόρου
1244 2663 1520 2724 ὑποτελεῖς“
1554 2669 1828 2717 enumeret
1860 2665 2159 2717 secundum

250 2763 434 2827 gentes
482 2760 594 2810 sive
642 2760 902 2827 regioneS,
960 2761 1254 2828 unicuique
1305 2761 1451 2829 genti
1498 2760 1684 2811 tribuit
1723 2761 1909 2827 socios,
1968 2760 2063 2828 qui
2099 2759 2158 2811 in

250 2854 387 2904 hanc
406 2858 618 2922 gentem
637 2853 1013 2921 referebantur,
1052 2871 1159 2906 non
1182 2852 1681 2919 00111111,,ὑποτελεῖς“
1702 2858 1754 2906 et
1787 2870 1929 2921 „non
1962 2851 2160 2905 αὐτονό-

252 2954 413 3017 μους“,
454 2948 545 3000 sed
585 2945 1133 3017 0113Π1,,αότονόμους“.
1208 2950 1400 3001 Errant
1419 2951 1583 3018 igitur
1601 2949 1905 3017 Madvigius
1925 2952 1976 3000 et
1995 2947 2159 3015 Stahl,
2197 2967 2201 2969 ·

253 3043 395 3110 quod
450 3042 611 3095 verba
660 3041 810 3109 „Xiot
858 3040 1146 3111 αὐτόνομοιιι
1201 3061 1309 3096 11011
1348 3059 1638 3112 congruere
1675 3042 1996 3094 arbitrantur
2033 3058 2159 3094 cum

251 3136 712 3189 antecedentibus:
758 3141 878 3204 ,,τῶν
918 3135 1003 3206 μὲν
1045 3133 1271 3206 ὑπηκόων
1310 3135 1392 3190 καὶ
1431 3130 1582 3208 φόρου
1623 3135 1923 3190 ὑποτελῶν“(;
1971 3153 2158 3206 quam-

254 3249 415 3301 quam
453 3233 596 3284 enim
635 3235 783 3283 erant
821 3230 935 3282 Chii
976 3230 1195 3301 ὑπήκοοι,
1254 3233 1308 3284 id
1355 3237 1435 3287 est
1481 3233 1699 3284 arctiore
1748 3232 1993 3284 societate
2031 3247 2157 3283 cum

251 3325 672 3379 Atheniensibus
712 3326 875 3376 vincti
914 3325 1158 3394 belloque
1205 3325 1527 3393 obedienteS,
1583 3330 1778 3392 tamen,
1836 3341 1960 3376 cum
2008 3329 2158 3377 auto-

253 3422 487 3472 nomiam
534 3420 635 3472 sibi
684 3424 998 3486 servassent,
1056 3417 1313 3489 αὐτόνομοι
1361 3424 1521 3472 erant.
1567 3419 1776 3471 -Etiam
1821 3419 1992 3471 tribus
2039 3419 2157 3471 aliis

251 3513 576 3581 Thucydidis
607 3514 736 3566 locis
767 3529 950 3566 omnes
983 3515 1130 3581 socii,
1171 3515 1261 3583 qui
1298 3530 1421 3566 cum
1441 3514 1862 3567 Atheniensibus
1883 3513 2157 3582 conjuncti
