2320 3822
329 29 399 82 64

329 171 547 243 σύμβολα
604 170 746 242 κύρια
805 170 1006 224 ἐ’σεσθαι
1063 169 1151 222 οὐκ
1209 170 1406 222 ἐπειδᾶν
1464 172 1513 222 ἐν
1563 174 1632 241 τῷ
1671 169 1966 242 δικαστηρίῳ
2010 177 2080 243 τῷ
2121 172 2229 244 παρ’

329 265 435 337 ὑμῖν
491 268 695 337 κυρωθῇ
734 307 743 317 .
782 307 792 317 .
831 307 841 317 .
881 264 984 318 ἀλλ’
1048 265 1245 317 ἐπειδὰν
1301 263 1364 324 ὡς
1421 265 1592 316 ἑαυτὸν
1650 267 1959 337 ἐπανενεχθῇ
2007 265 2236 337 ἐφέσιμον

326 361 410 431 τὴν
459 359 567 431 παρ’
623 359 748 430 ὑμῶν
798 360 1057 430 γενομένην
1096 364 1264 429 γνῶσιν
1302 358 1364 418 ὡς
1404 359 1573 411 ἑαυτὸν
1611 359 1925 430 ποιούμενος66
1962 377 2072 414 non
2111 367 2238 418 Sunt

326 456 740 524 interpretanda:
805 460 1119 523 „postquam
1169 455 1411 523 singulae
1449 455 1566 507 lites
1605 456 1747 523 apud
1784 472 1882 507 nos
1922 455 2237 523 dijudicatae

328 551 507 617 sunt‘4,
559 550 651 601 sed
698 550 839 601 idem
887 549 1064 600 valent
1112 565 1172 600 ac
1210 549 1444 607 Pollucis
1482 549 1643 601 verba
1679 549 1834 617 VIII,
1874 551 1967 603 88:
2027 552 2237 620 ,,θεσμο-

326 644 467 697 θέται
512 641 594 695 καὶ
643 643 703 695 τα
755 642 974 713 σύμβολα
1021 642 1080 695 τὰ
1128 642 1246 713 πρὸς
1285 642 1369 701 τοὶς
1408 641 1572 702 πόλεις
1610 648 1876 715 κυροῦσιν“,
1937 660 2073 712 quae
2111 649 2238 697 sunt

325 739 742 807 interpretanda:
803 742 956 806 pacta
1014 754 1137 789 cum
1194 739 1401 806 oppidis
1459 739 1724 789 sanciunt.
1803 737 1993 806 Itaque
2048 737 2257 808 verba:⁴
2300 808 2304 813 V

325 833 584 904 ,,ἐφέσιμον
630 832 714 901 τὴν
764 830 871 902 παρ’
929 830 1055 901 ὑμῶν
1105 831 1364 901 γενομένην
1402 836 1572 901 γνῶσιν
1611 830 1674 891 ὡς
1713 831 1884 884 ἑαυτὸν
1922 831 2238 902 ποιούμενοςιι

324 944 433 979 non
481 932 610 979 sunt
660 927 967 995 accipienda
1016 927 1078 979 de
1117 928 1487 996 provocatione
1525 928 1581 977 in
1623 927 1849 995 singulis
1886 927 2088 995 litibus,
2145 927 2238 980 sed

325 1023 515 1073 horum
553 1018 843 1074 verborum
875 1023 957 1072 vis
1007 1022 1166 1073 latius
1205 1026 1370 1090 patet:
1434 1038 1575 1088 „non
1613 1025 1852 1073 vestrum
1888 1021 2005 1073 vult
2043 1022 2237 1073 scitum

325 1118 382 1168 in
438 1118 536 1168 hac
590 1132 646 1167 re
693 1133 808 1168 esse
854 1120 1047 1183 ratum,
1106 1117 1196 1168 sed
1245 1121 1305 1167 ut
1353 1116 1418 1167 ad
1471 1132 1525 1167 se
1576 1116 1837 1167 deferatur
1883 1108 2067 1184 ibique
2113 1133 2145 1192 a
2181 1132 2237 1168 se

327 1213 597 1263 sanciatur
632 1211 768 1262 illud
806 1215 1043 1262 vestrum
1083 1212 1294 1277 scitum,
1335 1210 1586 1278 flagitat.“
1666 1211 2022 1263 Athenienses
2059 1215 2238 1262 autem

325 1300 494 1357 —.—'ut
522 1289 683 1357 verba
720 1303 813 1368 „033
853 1304 877 1356 ὁ
916 1304 1059 1375 νόμος
1101 1326 1157 1357 κε
1192 1303 1322 1357 εύειέί
1363 1305 1552 1356 docent
1590 1337 1658 1341 —
1697 1306 1795 1356 hoc
1816 1305 1918 1356 sibi
1939 1304 2238 1373 sumebant,

324 1405 385 1452 ut
423 1402 601 1452 omnia
638 1404 807 1468 pacta,
849 1416 985 1468 quae
1023 1400 1285 1452 faciebant
1325 1401 1448 1451 cuni
1469 1400 1585 1451 aliis
1607 1400 1931 1466 civitatibuS,
1970 1400 2238 1451 sancirent

324 1497 442 1564 ipsi.
522 1493 901 1565 ,,Δικαστηριον“
959 1496 1101 1546 enim
1157 1495 1291 1546 illud
1347 1511 1455 1547 non
1507 1495 1570 1546 de
1613 1495 1833 1562 judicic,
1889 1496 1946 1546 in
1999 1510 2105 1563 quo
2155 1495 2237 1545 in-

327 1590 668 1642 struebantur
694 1590 813 1641 lites
844 1590 1102 1657 singulae,
1143 1589 1345 1640 dictum
1375 1593 1470 1657 est,
1510 1589 1602 1641 sed
1632 1589 1695 1641 de
1717 1589 1938 1640 concilio
1958 1589 2238 1640 hominum

317 1686 382 1735 ‘in
421 1684 616 1736 talibus
655 1689 1011 1753 expertorum,
1062 1685 1154 1751 qui
1196 1684 1411 1751 quidem
1443 1684 1650 1751 judices
1689 1687 1854 1751 erant,
1895 1683 2237 1752 quamobrem

325 1777 629 1849 δικαστήριον
670 1779 1033 1848 appellabatur
1070 1779 1168 1830 hoc
1209 1779 1508 1829 concilium.
1587 1777 1686 1829 Cui
1715 1777 2039 1846 praesedisse
2059 1778 2237 1847 θεσμο-

325 1873 471 1932 θέτας
529 1890 596 1925 ex
635 1858 869 1925 Pollucis
927 1873 1102 1925 verbis
1160 1873 1330 1941 (VIII,
1371 1874 1477 1940 88),
1538 1889 1675 1940 quae
1731 1873 1887 1924 modo
1944 1872 2238 1939 attulimUS,

327 1968 755 2020 concludendum
794 1972 886 2019 est.
928 1998 997 2004 —
1035 1967 1184 2020 Haec
1221 1973 1360 2020 recte
1401 1967 1635 2036 disputat
1673 1966 2074 2020 Schoemannus
2113 1983 2238 2018 con-

325 2064 671 2130 firmaturque
729 2064 843 2129 ejus
902 2064 1163 2115 sententia
1209 2062 1384 2114 verbis
1436 2063 1465 2129 ξ
1508 2063 1575 2116 10
1624 2066 1673 2113 et
1726 2062 1755 2128 ξ
1798 2062 1892 2114 13;
1953 2065 2135 2124 „mom
2174 2060 2235 2130 δὴ

326 2157 552 2228 βούλεται
608 2155 913 2227 τάδικήματα
960 2162 1216 2228 πανταχῶς
1262 2155 1370 2227 παρ’
1426 2155 1532 2226 ὑμῖν
1580 2154 1948 2227 βεβαιώσασθαι
1997 2156 2047 2223 (ξ
2089 2155 2234 2208 10“:

326 2252 424 2322 ,,μή
464 2247 547 2304 οὖν
587 2250 803 2321 ἀγνοεῖτε
842 2248 913 2303 ὅτι
951 2252 1010 2303 τὰ
1052 2251 1273 2323 σύμβολα
1312 2255 1464 2304 ταῦτα
1511 2249 1721 2320 γίγνεται
1761 2251 1828 2309 εἰς
1869 2248 2114 2320 ὑποδοχὴν
2151 2253 2236 2300 τοῦ

327 2344 433 2417 μηδ’
478 2344 843 2418 ἀμφισβητῆσαι
884 2345 1096 2416 εὐλόγως
1138 2345 1260 2416 ὑμᾶς
1301 2344 1368 2398 ἔτι
1409 2343 1684 2405 Ποτιδαίας.
1741 2346 1791 2412 (ξ
1834 2345 1970 2410 13).“
2047 2342 2236 2411 Itaque

329 2443 392 2493 de
439 2447 629 2493 natura
676 2446 726 2492 et
772 2445 1045 2510 pactorum
1098 2446 1149 2493 et
1187 2442 1474 2510 actionum,
1527 2457 1663 2510 qua-e
1701 2456 1769 2492 ex
1807 2439 1974 2507 pactis
2012 2437 2116 2489 illis
2154 2438 2236 2488 in-

328 2541 554 2588 structae
605 2537 711 2587 sint
759 2538 807 2603 (i.
851 2553 893 2588 e.
950 2538 1221 2588 actionum
1268 2533 1364 2587 ἀπὸ
1420 2533 1692 2605 συμβόλων)
1731 2533 1866 2585 nihil
1902 2535 2073 2602 potest
2112 2548 2236 2584 con-

328 2631 472 2682 cludi
527 2647 595 2682 ex
651 2632 974 2699 paragrapho
1031 2648 1187 2682 nona..
1264 2629 1453 2698 Neque
1510 2646 1578 2682 ex
1631 2629 1768 2698 §pho
1813 2629 1879 2682 10
1928 2627 1991 2679 de
2036 2626 2134 2679 hac
2180 2643 2278 2682 re.

329 2726 619 2793 quicquam
676 2726 918 2793 colligere
968 2726 1107 2793 licet,
1166 2741 1290 2776 cum
1340 2725 1397 2774 in
1448 2724 1772 2792 paragrapho
1821 2722 1911 2774 illa
1948 2725 2136 2789 agatur
2172 2721 2236 2772 de

326 2821 538 2887 injuria⁷
580 2837 685 2888 qua
723 2820 1004 2889 Philippus
1043 2821 1282 2872 affecerat
1320 2819 1731 2870 Atheniensium
1771 2818 1928 2868 cives.

471 2914 601 2966 Plus
641 2914 920 2965 conferunt
958 2915 1023 2966 ad
1060 2931 1170 2966 rem
1210 2913 1578 2965 illustrandam
1617 2929 1694 2978 ea,
1735 2926 1871 2979 quae
1895 2909 2235 2978 paragraphis
2286 2965 2289 2969 r

329 3008 677 3077 sequentibus
735 3010 784 3075 (ξ
837 3009 917 3060 11.
982 3010 1064 3073 12)
1124 3010 1316 3077 scripta
1372 3012 1521 3059 sunt:
1581 3001 1721 3069 ,,οῧτε
1776 3004 1869 3075 γὰρ
1919 3001 2151 3072 Ἀμύντας
2207 3001 2234 3054 ὁ

327 3103 487 3174 πατὴρ
543 3101 568 3154 ὁ
617 3100 861 3154 Φιλίππου
920 3096 1021 3153 οὔθ’
1085 3101 1128 3153 οἱ
1187 3097 1326 3154 ἄλλοι
1370 3102 1586 3172 βασιλεῖς
1645 3097 1954 3151 οὐδεπώποτε
2016 3096 2234 3169 σύμβολα

329 3197 616 3267 ἐποιήσαντο
662 3197 779 3268 πρὸς
826 3196 909 3266 τήν
957 3195 1095 3248 πόλιν
1145 3195 1229 3265 τὴν
1267 3194 1520 3266 ἡμετέραν.
1595 3191 1751 3246 καίτοι
1787 3191 1981 3252 πλείους
2018 3213 2074 3262 γε
2111 3188 2235 3262 ἦσαν

330 3293 379 3345 αἱ
427 3290 657 3363 ἐπιμιξίαι
703 3290 811 3344 τότε
858 3291 974 3362 πρὸς
1024 3289 1264 3359 ἀλλήλους
1311 3287 1343 3359 ἤ
1392 3294 1473 3342 νῦν
1513 3286 1651 3340 εἰσίν·
1709 3286 1779 3358 ἐφ’
1823 3286 1936 3357 ἡμῖν
1974 3286 2067 3359 γὰρ
2105 3282 2163 3357 ἦν
2200 3285 2233 3356 ἡ

329 3385 612 3440 Μακεδονία
651 3387 732 3439 καὶ
771 3385 947 3458 φόρους
985 3384 1098 3455 ἡμῖν
1139 3383 1324 3456 ἔφερον,
1366 3381 1448 3436 καὶ
1486 3385 1581 3441 τοῖς
1621 3380 1865 3453 ἐμπορίοις
1903 3380 2012 3434 τότε
2051 3385 2234 3451 μᾶλλον

329 3479 360 3551 ἢ
407 3487 500 3545 νῦν,
558 3481 696 3554 ἡμεῖς
742 3482 837 3540 τοῖς
889 3482 992 3533 ἐκεῖ
1035 3477 1245 3531 κάκεῖνοι
1294 3480 1390 3537 τοῖς
1435 3475 1544 3548 παρ’
1596 3475 1707 3546 ἡμῖν
1757 3474 2008 3547 ἐχρώντο.“
2091 3473 2235 3527 Dicit
