2320 3822
1955 98 2019 150 17

116 235 288 299 Recte
328 236 453 288 dicit
489 235 789 288 Boeckhius
829 234 917 301 (St.
958 234 1002 301 Ι,
1040 235 1164 301 533,
1203 236 1355 302 534):
1400 236 1551 302 „Ihre
1589 237 1810 304 eigenen
1832 237 2024 289 Staats-

128 327 395 381 behorden
443 330 624 381 hatten
662 329 815 380 beide
854 327 1154 394 (autonome
1192 330 1291 379 wie
1331 326 1580 397 ὑπήκοοι),
1633 329 1805 380 wollte
1854 330 2024 381 man's

128 438 234 473 von
285 422 386 474 den
435 421 849 489 unterwiirfigen
898 420 1221 488 bezweifeln,
1271 437 1328 472 so
1378 421 1642 473 beweisen
1679 423 1775 472 wir
1822 439 1877 474 es
1927 424 2025 474 mit

129 516 232 567 den
281 515 546 567 delischen
596 514 921 580 Archonten,
959 514 1156 565 welche
1205 513 1412 583 Olymp.
1469 516 1537 567 86
1588 515 1703 565 1111(1
1743 515 2020 569 100-101

126 609 484 675 vorkommen‚
521 625 603 659 wo
643 608 776 658 doch
812 607 991 659 Athen
1030 607 1189 659 Delos
1230 624 1286 659 so
1323 609 1381 659 in
1420 609 1593 660 seiner
1631 607 1831 659 Grewalt
1867 609 2024 675 hatte,

127 702 247 754 dass
279 718 335 754 es
372 703 447 752 im
477 700 653 753 Besitz
688 702 778 753 des
808 701 1170 769 Heiligthums
1201 718 1309 753 war
1337 702 1451 752 und
1482 702 1651 754 dieses
1682 702 1848 753 durch
1881 703 2026 753 seine

125 793 403 846 Behorden
450 795 735 846 verwalten
784 795 956 847 liess“
1049 794 1201 856 Quod
1249 799 1426 846 autem
1473 796 1669 863 pergit:
1732 795 2023 863 „Indessen

126 892 286 940 setzte
332 888 511 940 Athen
560 880 695 940 auch
747 890 929 957 eigene
966 890 1272 941 Archonten
1323 889 1410 941 bei
1458 890 1559 941 den
1610 888 2023 956 unterwiirfigen

126 979 610 1051 Bundesgenossen
642 984 743 1034 ein.
813 982 971 1035 Diese
1003 984 1147 1035 kann
1181 1000 1306 1034 man
1337 984 1434 1034 mit
1467 983 1568 1034 den
1588 982 1906 1046 Harmosten
1936 982 2027 1033 der

124 1075 407 1144 Spartaner
443 1077 826 1144 vergleiclie11,“
869 1078 1127 1146 exempla,
1169 1094 1303 1145 quae
1342 1077 1503 1144 affert,
1542 1078 1719 1127 omnia
1757 1077 1822 1127 ad
1861 1076 2025 1128 Athe-

106 1170 393 1222 niensium
429 1171 768 1238 magistratus
814 1171 1084 1223 referenda
1132 1187 1264 1238 esse,
1314 1170 1597 1221 concedere
1640 1186 1750 1221 non
1787 1186 2021 1238 possum.

265 1263 507 1315 Primum
557 1265 684 1315 dicit
735 1264 824 1332 (St.
866 1265 910 1331 Ι,
960 1266 1103 1332 534),
1154 1264 1370 1330 Lysiam
1421 1264 1617 1331 testari,
1666 1262 2025 1330 Polystratum

122 1358 502 1410 Atheniensem
542 1357 702 1426 Oropi
738 1358 903 1409 fuisse
941 1360 1307 1426 magistratum
1347 1352 1614 1427 (ἄρχοντα),
1666 1355 1790 1422 LyS.
1833 1358 1921 1425 20,
1961 1359 2022 1409 6:

122 1446 258 1510 οὗτος
305 1450 358 1503 δὲ
405 1455 589 1521 πρῶτον
639 1450 724 1521 μὲν
774 1447 916 1522 ἔρξας
955 1452 1003 1503 ἐν
1037 1450 1292 1522 Ὠρωπῷίί.
1366 1451 1469 1502 Sed
1509 1449 1717 1518 Oropus
1754 1466 1931 1518 neque
1967 1452 2024 1501 in

121 1545 439 1597 tributorum
489 1545 760 1597 indicibus
799 1550 1251 1613 commemoratur,
1303 1561 1479 1612 neque
1516 1543 1851 1610 Thucydides
1887 1544 2024 1595 hanc

121 1638 310 1690 urbem
363 1638 530 1691 fuisse
586 1641 643 1690 in
701 1657 922 1691 numero
981 1641 1260 1706 sociorum⁷
1319 1639 1410 1691 sed
1465 1654 1682 1706 prorsus
1734 1638 2023 1705 subJectam

121 1749 236 1785 esse
274 1733 427 1798 dicit3
467 1732 627 1784 Thuc.
667 1733 741 1801 ΙΙ,
780 1736 866 1801 33,
905 1736 966 1787 3:
1007 1731 1300 1804 ,,Παριόντες
1339 1730 1392 1783 δὲ
1427 1729 1650 1802 Ὀρωπόν
1688 1731 1773 1801 τὴν
1811 1731 1900 1801 γὴν
1937 1732 2022 1801 τὴν

121 1825 333 1896 Γραικῆν
403 1825 719 1896 καλουμένην,
795 1823 862 1896 ἣν
930 1827 1224 1897 νέμονται
1287 1825 1610 1896 Ὠρώπιοι,
1675 1823 2022 1894 Ἀθηναίων

123 1917 416 1989 ὑπήκοοι,
476 1918 824 1990 ἐδῄωσανίίε
884 1938 1010 1973 nam
1063 1923 1107 1972 si
1143 1922 1556 1973 Atheniensium
1602 1920 1731 1970 socii
1779 1919 2022 1988 fuissent,

120 2012 458 2079 Thucydides
497 2017 636 2065 certe
673 2030 807 2065 usus
846 2019 984 2067 esset
1020 2014 1180 2067 verbo
1219 2013 1545 2084 ,,σύμμαχοι“.

266 2105 474 2159 Deinde
511 2107 810 2159 Boeckhius
850 2108 992 2176 dicit,
1029 2110 1085 2159 in
1127 2110 1336 2160 civitate
1372 2107 1814 2174 Mytilenaeorum
1853 2107 1943 2176 (St.
1977 2108 2021 2175 Ι,

119 2200 240 2264 534,
290 2200 355 2252 A.
395 2201 458 2268 e.)
514 2201 925 2254 Atheniensium
978 2203 1143 2254 fuisse
1192 2204 1549 2271 magistratUS,
1605 2201 1815 2270 probari
1865 2202 2020 2254 Anti-

122 2294 334 2363 phontis
394 2294 506 2345 loco
562 2291 671 2364 περὶ
721 2315 758 2347 τ.
790 2293 977 2366 ςΗριιυὸ.
1028 2316 1131 2367 φον.
1171 2298 1201 2363 ἓ
1240 2297 1338 2349 47;
1398 2292 1458 2364 ,,ἢ
1514 2296 1611 2353 τοῖς
1668 2290 1871 2366 ἄρχουσι
1926 2297 2020 2354 τοῖς

121 2386 365 2459 ὑμετέροις
413 2390 769 2458 παραδοῦναιίίῑ
823 2390 914 2441 sed
952 2390 1393 2457 Mytilenaeorum
1439 2391 1623 2441 civitas
1675 2406 1734 2441 eo
1772 2394 2020 2459 tempore,

122 2498 228 2550 quo
265 2482 612 2551 Antiphontis
651 2469 813 2534 oratio
853 2488 932 2535 est
968 2484 1162 2551 habita,
1218 2463 1327 2536 non
1364 2485 1421 2534 in
1459 2499 1679 2535 numero
1717 2484 1818 2535 fuit
1856 2485 2021 2535 socio-

118 2592 258 2644 rum,
299 2576 391 2628 sed
429 2577 632 2628 colonia
672 2575 976 2649 (κληρουχία)
1017 2578 1082 2630 ab
1120 2578 1542 2631 Atheniensibus
1582 2578 1822 2644 deducta,
1860 2577 2019 2643 Myti-

119 2669 290 2722 lenaei
346 2674 523 2722 autem
578 2672 682 2739 ipsi
738 2671 937 2723 colonis
988 2677 1136 2724 erant
1186 2672 1434 2739 subjecti:
1492 2671 1652 2722 Thuc.
1693 2671 1793 2738 ΙΙΙ,
1831 2672 1918 2738 50,
1958 2673 2016 2723 2:

119 2759 343 2834 ,,ῧστερον
381 2765 435 2815 δὲ
474 2762 622 2835 φόρον
661 2762 748 2817 οὐκ
787 2763 956 2825 ἔταξαν
994 2764 1229 2836 Λεσβίοις,
1278 2764 1483 2835 κλήρους
1523 2763 1576 2816 δὲ
1614 2763 1897 2833 ποιήσαντες
1934 2769 2017 2832 τῆς

118 2862 204 2928 γῆς
259 2857 382 2927 πλὴν
431 2862 515 2927 τῆς
554 2857 893 2928 Μηθυμναίων
939 2857 1243 2930 τρισχιλίους,
1295 2857 1591 2930 τριακοσίους
1631 2857 1716 2927 μὲν
1754 2860 1848 2916 τοῖς
1887 2859 2017 2916 θεοῖς

119 2950 275 3022 ἱεροὺς
325 2951 532 3016 ἐξεῖλον,,
591 2949 670 3004 ἐπὶ
718 2951 772 3004 δὲ
820 2958 929 3012 τοὺς
976 2949 1153 3013 ἄλλους
1201 2957 1329 3023 σφῶν
1381 2951 1534 3005 αὐτῶν
1571 2950 1870 3022 κληρούχους
1908 2951 2016 3009 τούς

119 3044 358 3117 λαχόντας
405 3044 721 3118 ἀπέπεμψαν·
775 3046 844 3106 οἷς
895 3046 1117 3119 ἀργύριον
1155 3047 1352 3118 Λέσβιοι
1401 3034 1656 3117 ταξαμένοι
1705 3066 1788 3096 του
1836 3044 2014 3114 κληρου

120 3137 321 3191 ἑκάστου
359 3143 445 3192 τοῦ
482 3141 701 3193 ἐνιαυτοῦ
739 3140 826 3193 δύο
867 3146 984 3211 μνᾶς
1029 3141 1190 3212 φέρειν
1231 3139 1366 3193 αὐτοι
1406 3162 1476 3211 ειρ
1480 3139 1707 3211 (ἅρζοντο
1746 3158 1830 3207 την
1867 3143 1953 3207 γῆν
1931 3144 2011 3189 ν;“

122 3233 463 3301 quamobrem
499 3235 911 3287 Atheniensium
965 3237 1304 3304 magistratus
1353 3235 1518 3286 fuisse
1569 3235 1626 3284 in
1678 3232 1883 3300 oppidis
1931 3247 2015 3281 co-

118 3326 378 3396 lonorum,
426 3345 536 3380 non
588 3333 767 3381 tamen
815 3330 872 3380 in
921 3329 1223 3380 civitatibus
1263 3330 1525 3380 sociorum
1564 3343 1630 3379 ex
1669 3325 2013 3391 Antiphontis

117 3420 231 3473 loco
269 3421 512 3490 colligere
548 3422 683 3475 licet.

261 3515 295 3567 J
299 3533 381 3568 am
422 3517 565 3586 quod
594 3517 825 3585 episcopi
863 3518 919 3567 111
959 3517 1222 3567 sociorum
1253 3517 1490 3566 civitates
1519 3511 1876 3577 mittebantui,
1916 3511 2012 3561 hac

1664 3599 1691 3642 2
