2320 3822
314 75 385 127 34
1892 37 1895 40 ’
2127 112 2130 115 .
2232 0 2320 147 ἲ

314 224 424 282 ,Νῦν
475 217 528 270 δὲ
582 213 717 269 αὐτοὶ
768 215 1082 285 καταγνόντες
1133 215 1212 268 τὸν
1263 216 1471 269 θάνατον
1509 221 1596 269 τοῦ
1635 213 2217 287 ἀνδρόςῑάπεκτείνατειίε

314 313 623 380 Mytilenaei
656 313 700 363 si
731 311 959 363 fuissent
992 315 1338 378 accusatores,
1370 312 1500 363 haec
1530 311 1742 380 probari
1769 310 2030 379 potuisset
2061 326 2222 379 oppo-

315 409 459 459 sitio:
517 423 645 475 „vos
685 406 845 473 (cives
884 405 1211 474 Mytilenaei)
1252 406 1350 457 soli
1387 406 1542 457 illum
1578 405 1930 472 interfecistiS,
1972 405 2116 474 quod
2151 422 2222 458 ne

312 503 509 570 patriae
541 501 757 569 quidem
787 504 992 552 vestrae
1029 500 1152 551 licet
1188 500 1346 564 toti“;
1389 501 1481 552 sed
1513 497 2008 552 accusatores'cum
2045 503 2223 552 essent

312 597 667 648 Athenienses
716 595 944 662 (cognati
981 593 1208 646 Herodis
1247 594 1630 662 Atheniensis),
1682 595 1810 646 haec
1859 597 2070 645 tantum
2106 593 2222 645 fieri

312 691 484 759 potuit
531 690 814 758 oppositio:
875 704 1003 755 „vos
1044 688 1244 756 singuli
1283 688 1525 740 homines
1575 688 1727 740 illum
1765 688 2102 740 interfecistis
2138 689 2221 740 in-

313 786 436 836 sciis
486 782 925 849 Atheniensibus,
982 782 1037 833 id
1096 782 1238 850 quod
1294 798 1363 834 ne
1420 782 1542 833 urbi
1601 783 1818 850 quidem
1872 782 2043 835 facere
2099 782 2222 835 licet

311 879 456 930 toti.“
534 877 658 928 Alia
695 877 953 945 oppositio
991 876 1194 927 nullam
1234 875 1509 928 habuisset
1534 877 1673 942 vim,
1716 876 1928 944 culpam
1950 881 2221 928 accusato-

310 989 431 1024 rum
464 975 634 1023 orator
661 972 853 1040 premit
883 971 1051 1022 multo
1080 972 1314 1039 graviuS,
1354 986 1476 1020 cum
1518 970 1671 1020 dicit:
1723 971 1832 1037 „illi
1868 970 2110 1022 fecerunt
2145 971 2220 1039 id,

314 1066 457 1135 quod
507 1066 694 1117 insciis
745 1069 796 1117 et
845 1066 1029 1116 invitis
1067 1062 1489 1115 Atheniensibus
1527 1079 1596 1115 ne
1635 1063 1758 1115 urbi
1797 1064 2014 1133 quidem
2050 1064 2221 1117 facere

308 1162 431 1212 licet
467 1162 563 1212 toti
602 1161 689 1227 (sc.
733 1175 933 1226 earum,
984 1175 1119 1227 quae
1158 1158 1574 1209 Atheniensium
1623 1157 1880 1210 obediunt
1925 1159 2217 1227 imperio).“

309 1256 532 1307 Accedit
584 1254 726 1322 quod
777 1255 832 1304 in
882 1254 981 1304 hac
1028 1252 1376 1321 Antiphontis
1425 1253 1660 1303 oratione
1720 1256 1860 1305 certa
1908 1251 2038 1304 urbs
2089 1253 2221 1319 (sive

308 1351 566 1416 Athenae,
607 1350 718 1400 sive
755 1347 1029 1414 Mytilene)
1060 1361 1276 1414 'semper
1314 1345 1645 1414 significatur
1682 1345 1743 1416 ,,ἡ
1782 1345 1964 1406 πόλιςίι.

454 1443 590 1495 Cum
637 1444 802 1511 igitur
850 1441 1010 1493 verba
1060 1441 1150 1491 illa
1200 1438 1255 1503 „6
1308 1437 1423 1491 οὐδὲ
1471 1439 1612 1493 πόλει
1651 1439 1856 1501 ἔξεστινίί
1907 1443 2015 1494 sint
2059 1443 2221 1495 inter-

308 1539 563 1607 pretanda
604 1537 782 1605 „quod
832 1553 900 1588 ne
947 1535 1068 1587 urbi
1121 1534 1340 1603 quidem
1386 1535 1556 1587 facere
1593 1536 1717 1588 licet
1753 1538 1849 1588 toti
1889 1538 1977 1605 (sc.
2019 1553 2219 1606 earum,

311 1649 446 1701 quae
497 1633 891 1683 Atheniensum
936 1630 1157 1698 imperio
1215 1628 1543 1697 obediunt)“,
1605 1631 1956 1683 concludatur
2002 1647 2220 1684 necesse

308 1732 403 1795 est,
443 1730 649 1778 coactos
686 1726 852 1777 fuisse
892 1725 1060 1776 socios
1101 1721 1346 1782 ὑποτελεῖς
1386 1740 1570 1777 omnes
1618 1725 1738 1778 lites
1777 1725 2028 1794 capitales
2066 1742 2220 1794 agere

310 1823 546 1873 Athenis.

450 1914 656 1967 Deinde
708 1913 1176 1966 animadvertenda
1232 1917 1359 1965 sunt
1396 1913 1971 1983 Pseudoxenophontis
2027 1913 2216 1967 verba:

306 2014 520 2080 ,,πρῶτον
572 2007 657 2078 μὲν
708 2007 803 2061 ἀπὸ
835 2003 942 2060 ’τῶν
989 2005 1285 2078 πρυτανείων
1323 2007 1403 2059 τὸν
1444 2007 1615 2077 μισθὸν
1656 2007 1722 2060 δι’
1769 2010 1991 2061 ἐνιαυτοῦ
2029 2006 2219 2080 λαμβά-

306 2110 457 2156 νεινίίε
519 2105 564 2155 si
628 2105 770 2156 enim
833 2105 1051 2172 scimus,
1083 2090 1088 2093 ¹
1117 2102 1316 2170 quibus
1365 2103 1423 2153 in
1482 2104 1657 2154 causis
1714 2104 1968 2156 solvenda
2020 2103 2220 2155 fuerint

304 2199 579 2270 πρυτανεῖα,
618 2198 740 2250 licet
778 2198 1110 2265 concludere,
1158 2213 1346 2248 causas
1384 2197 1501 2248 illas
1540 2202 1633 2249 aut
1671 2215 1855 2250 omnes
1893 2202 1987 2250 aut
2022 2211 2219 2266 magna

307 2311 375 2345 ex
423 2297 569 2362 parte
615 2294 901 2344 instructas
949 2308 1063 2344 esse
1110 2291 1353 2343 Athenis.
1443 2290 1798 2353 Quamobrem
1852 2292 2217 2361 quaestionem

308 2389 383 2440 de>
410 2388 680 2457 prytaneis
719 2391 1005 2438 tractemus
1043 2402 1262 2438 necesse
1301 2390 1393 2438 est.

450 2481 715 2547 Prytanea
770 2482 825 2531 in
885 2481 1009 2532 solis
1067 2481 1242 2532 causis
1298 2481 1518 2548 privatis
1570 2478 1761 2549 (δίκαις)
1809 2497 2110 2549 numquam
2157 2482 2216 2533 in

306 2577 481 2628 causis
537 2575 765 2643 publicis
823 2575 1066 2646 (γραφαῖς)
1118 2558 1387 2644 persoluta
1436 2592 1551 2628 esse
1589 2575 1892 2628 Boeckhius
1945 2576 2218 2628 contendit

305 2671 395 2736 (St.
418 2670 463 2737 I,
484 2670 588 2722 466
611 2670 724 2737 sq).
804 2668 906 2719 Sed
948 2670 1027 2736 iis,
1070 2686 1206 2737 quae
1245 2670 1310 2721 ad
1350 2671 1668 2722 sententiam
1708 2687 1862 2722 suam
1889 2669 2215 2739 probandam
2285 2699 2291 2703 -

301 2764 536 2833 protulit,
577 2746 902 2831 argumentis
941 2763 1089 2814 nulla
1127 2765 1209 2815 vis
1248 2764 1411 2816 tribui
1440 2769 1625 2833 potest.
1703 2763 1848 2816 Dicit
1879 2764 1970 2832 (St.
1993 2764 2212 2834 I,466):

306 2858 657 2927 „Abgesehen
707 2873 812 2907 von
862 2857 953 2908 der
991 2857 1282 2911 [Parastasis
1334 2859 1426 2911 der
1462 2859 1710 2912 Diateten
1761 2859 2064 2928 behaupten
2102 2859 2215 2927 wir,

303 2954 423 3004 dass
480 2952 566 3003 bei
616 2952 1205 3004 Privatreehtshandeln
1265 2951 1424 3021 (ἰδίαις
1482 2952 1655 3022 δίκαις)
1711 2954 1868 3006 keine
1905 2953 2215 3021 Parastasis,

303 3047 531 3098 sondern
570 3046 891 3112 Prytaneicn
930 3045 1137 3097 bezahlt
1174 3048 1386 3099 werden
1424 3053 1684 3116 mussten,
1740 3048 1827 3101 bei
1877 3047 2214 3100 offentlichen

302 3141 506 3209 Klagen
555 3140 679 3192 aber
729 3138 900 3207 (δίκαις
953 3138 1222 3209 δημοσίαις,
1270 3143 1496 3212 γραφαῖς)
1536 3143 1850 3211 umgekehl't
1885 3142 2042 3195 keine
2081 3142 2215 3209 Pry—

300 3236 512 3287 taneien
571 3235 732 3303 erlegt
787 3235 1036 3302 wurden,
1103 3235 1333 3287 sondern
1399 3254 1504 3287 nur
1559 3236 1902 3288 Para-stasis“.
1963 3267 2032 3273 —-
2089 3235 2126 3288 J
2127 3253 2215 3288 am

299 3331 450 3381 initio
503 3330 976 3397 argumentationis
1016 3347 1144 3381 suae
1182 3313 1484 3382 Boeckhius
1523 3331 1756 3382 maxime
1794 3330 2010 3398 fallitur,
2069 3313 2213 3399 quod

300 3440 368 3475 ex
405 3425 518 3476 loco
557 3423 810 3491 PolluciS,
870 3441 975 3491 quo
1023 3425 1198 3492 agitur
1249 3424 1312 3476 de
1351 3425 1639 3492 prytaneiS,
1698 3424 1900 3491 aliquid
1937 3440 2047 3475 non
2086 3425 2213 3476 satis

298 3522 437 3570 recte
495 3517 778 3569 concludit.
858 3518 1033 3570 Verba
1083 3517 1318 3570 Pollucis
1374 3519 1503 3570 haec
1561 3508 1689 3569 sunt
1746 3517 1917 3585 (VIII,
1967 3518 2055 3585 37,
2094 3518 2210 3586 38):
