2320 3822
216 26 286 89 30,

218 170 373 220 300113
423 166 705 237 αὐτονόμοις
751 183 862 218 non
911 167 1151 219 licuisset
1201 179 1388 219 causas
1435 167 1551 218 illas
1600 184 1752 236 agere
1789 166 1863 219 in‘
1884 169 2123 237 ipsorum

216 263 343 330 foro,
400 266 571 314 orator
615 261 1004 328 Mytilenensis‚
1064 263 1157 330 qui
1206 263 1396 330 quovis
1443 262 1599 313 modo
1638 262 1993 314 Athenienses
2039 278 2124 314 ac-

217 374 400 409 cusare
458 361 509 408 et
564 355 912 423 Mytilenaeos
984 356 1047 408 de
1106 356 1395 408 defectione
1452 372 1708 408 excusare
1768 356 1961 423 studet,
2026 356 2125 407 hac

215 452 474 519 imprimis
522 467 578 502 re
617 454 668 502 et
705 451 771 501 ad
810 451 1138 502 accusandos
1176 451 1530 502 Athenienses
1569 454 1620 502 et
1658 451 1723 501 ad
1763 450 2125 502 excusandam

217 545 563 597 defectionem
601 544 1045 611 Mytilenaeorum
1082 561 1215 596 usus
1255 549 1406 596 esset.

359 638 482 706 Eas,
524 656 657 707 quas
691 640 823 690 civis
856 639 1004 690 urbis
1038 640 1227 706 sociae,
1269 654 1405 706 quae
1427 639 1787 690 autonomiam
1808 637 2124 706 servaverat,

217 733 470 785 adversus
537 734 679 785 cives
735 733 1120 785 Atheniensem
1188 732 1376 802 agebat
1446 749 1651 800 causas,
1726 736 1843 784 tum
1909 733 2126 785 demum

214 829 451 896 potuisse
506 828 718 894 instrui,
776 843 900 878 cum
955 828 1094 879 inter
1148 831 1430 895 utramque
1480 828 1747 879 civitatem
1797 832 1948 897 pacto
2001 844 2127 879 con-

216 922 462 973 stitutum
512 925 666 989 esset,
726 921 989 989 quomodo
1042 926 1092 973 et
1145 921 1343 989 quibus
1396 923 1453 972 in
1492 921 1617 972 foris
1657 938 1847 974 causae
1885 922 2006 974 illae
2043 923 2125 973 in-

216 1020 561 1084 struerentur,
593 1018 704 1083 jam
741 1032 835 1085 per
872 1032 927 1068 se
967 1020 1194 1084 apparet.
1276 1015 1632 1077 Quamobrem
1660 1016 1956 1084 videamus,
1997 1016 2127 1084 quid

217 1111 280 1162 de
337 1110 598 1177 ejusmodi
654 1111 844 1178 pactis,
916 1127 983 1162 ex
1044 1110 1241 1178 quibus
1298 1111 1688 1162 instruerentur
1744 1126 1934 1162 causae
1990 1111 2129 1162 inter
2186 1154 2194 1158 .

216 1206 358 1257 cives
398 1206 674 1256 civitatum
714 1205 959 1271 duarum,
998 1206 1281 1256 memoriae
1311 1206 1378 1256 sit
1406 1205 1677 1265 traditum,
1717 1209 1768 1256 et
1790 1221 2126 1273 quaerainUS‚

214 1303 396 1351 utrum
435 1315 496 1351 ea
533 1299 599 1350 ad
639 1299 947 1350 solvendam
983 1299 1121 1350 hanc
1161 1300 1528 1367 quaestionem
1567 1300 1630 1351 dc
1662 1300 2032 1367 jurisdictione
2069 1300 2127 1350 in

217 1395 409 1461 causiS,
476 1410 611 1462 quae
669 1398 817 1445 erant
871 1394 1010 1445 inter
1066 1394 1236 1445 socios
1295 1390 1588 1463 αὐτονόμους
1647 1398 1698 1445 et
1753 1394 2127 1462 AthenienseS,

215 1488 419 1556 aliquid
457 1487 740 1539 conferant.

361 1582 669 1634 Aristoteles
733 1582 796 1634 de
854 1582 1116 1649 ejusmodi
1172 1582 1339 1650 pactis
1395 1583 1452 1632 in
1510 1581 1662 1633 Polit.
1722 1581 1823 1649 ΙΙΙ,
1883 1583 1931 1651 1,
1989 1584 2023 1635 3
2073 1599 2123 1651 p.

221 1678 359 1730 1275
400 1695 431 1728 a
488 1678 517 1729 7
573 1693 686 1744 sqq.
752 1676 1002 1727 disseruit
1055 1676 1154 1750 hoc
1210 1676 1393 1727 modo:
1453 1674 1510 1739 ’,,ὅ
1570 1674 1623 1727 δὲ
1679 1669 1878 1744 πολίτης
1934 1674 2000 1729 οὐ
2056 1681 2135 1747 τῷ

216 1772 411 1824 οἰκεῖν
450 1791 542 1822 που
581 1768 778 1839 πολίτης
817 1767 941 1835 ἐστίν
977 1767 1092 1837 (καὶ
1140 1769 1231 1840 γὰρ
1271 1769 1483 1839 μέτοικοι
1522 1767 1605 1822 καὶ
1643 1773 1808 1823 δοῦλοι
1846 1774 2128 1823 κοινωνοῦσι

214 1870 296 1935 τῆς
353 1864 623 1934 οἰκήσεως),
692 1863 818 1916 οὐδ’
889 1863 942 1916 οἱ
1007 1868 1112 1915 τῶν
1171 1862 1433 1916 δικαίων
1492 1864 1875 1936 μετέχοντες
1933 1862 2128 1925 οὕτως

215 1957 363 2012 ὥστε
430 1957 532 2012 καὶ
601 1957 776 2028 δίκην
841 1957 1099 2030 ὑπέχειν
1153 1956 1254 2011 καὶ
1311 1957 1699 2018 δικάζεσθαι
1757 1960 1953 2027 (τοῦτο
2010 1959 2127 2031 γὰρ

216 2053 489 2125 ὑπάρχει
527 2052 625 2107 καὶ
663 2054 791 2113 τοῖς
830 2052 947 2106 ἀπὸ
989 2052 1308 2124 συμβόλων
1347 2055 1795 2122 κοινωνοῦσιν).
1870 2057 2129 2125 πολλαχοῦ

218 2148 303 2219 μὲν
356 2145 439 2201 οὖν
491 2147 605 2201 οὐδὲ
651 2147 833 2200 τούτων
872 2148 1053 2207 τελέως
1105 2148 1149 2200 οἱ
1190 2148 1402 2218 μέτοικοι
1441 2147 1739 2219 μετέχουσιν,
1797 2146 1926 2200 ἀλλὰ
1965 2147 2127 2218 νέμειν

214 2242 401 2313 ἀνάγκη
452 2242 737 2314 προστάτην,
788 2239 912 2294 ὥστε
962 2241 1145 2302 ἀτελῶς
1192 2241 1606 2313 πως.μετέχουσι
1643 2247 1727 2311 τῆς
1765 2241 1991 2311 τοιαύτης
2030 2263 2129 2295 κοι-

214 2335 402 2401 νωνίας,
460 2335 587 2390 ἀλλὰ
608 2377 809 2389 .......
831 2340 978 2406 δῆλον
1033 2337 1125 2408 γὰρ
1181 2337 1235 2388 τὸ
1293 2335 1554 2407 λεγόμενον
1612 2338 1758 2405 (haec
1807 2337 1970 2389 verba
2018 2354 2128 2390 non

217 2437 343 2484 sunt
399 2433 580 2500 magni
637 2433 892 2484 momenti
949 2433 1015 2483 ad
1061 2433 1390 2501 propositum
1442 2434 1718 2499 nostrum).
1797 2435 2034 2502 ζητοῦμεν
2073 2430 2127 2484 δὲ

214 2527 294 2579 τὸν
334 2525 495 2585 ἁπλῶς
533 2523 731 2594 πολίτην
782 2523 863 2577 καὶ
904 2523 1054 2595 μηδὲν
1094 2524 1271 2597 ’έχοντα
1309 2530 1522 2578 τοιοῦτον
1562 2524 1783 2596 ἔγκλημα
1822 2524 2129 2597 διορθώσεως

216 2620 458 2691 δεόμενον,
510 2617 615 2672 ἐπεὶ
663 2617 744 2672 καὶ
794 2617 903 2690 περὶ
949 2624 1038 2671 τῶν
1078 2617 1262 2690 ἀτίμων
1300 2617 1382 2672 καὶ
1422 2619 1653 2691 φυγάδων
1692 2619 1793 2672 ἔστι
1830 2620 1890 2673 τὰ
1928 2624 2129 2673 τοιαῦτα

214 2713 296 2768 καὶ
353 2715 599 2786 διαπορεῖν
655 2712 739 2767 καὶ
796 2713 940 2766 λύειν.
1017 2712 1215 2783 πολίτης
1275 2712 1311 2767 δ’
1376 2713 1540 2774 ἁπλῶς
1597 2712 1757 2767 οὐδενὶ
1813 2719 1905 2768 τῶν
1962 2710 2128 2768 ἄλλων

216 2808 428 2881 ὁρίζεται
479 2812 674 2879 μᾶλλον
708 2805 740 2877 ἢ
787 2813 856 2879 τῷ
898 2807 1118 2879 μετέχειν
1157 2806 1360 2879 κρίσεως
1401 2806 1483 2861 καὶ
1522 2807 1724 2881 ἀρχῆς.“
1800 2810 1927 2863 Sine
1966 2809 2128 2862 dubio

215 2905 391 2956 verbis
437 2904 514 2968 „oi
550 2908 640 2956 τῶν
692 2901 892 2956 δικαίων
942 2903 1225 2974 μετέχοντες
1277 2901 1431 2963 οὕτως
1469 2900 1592 2956 ὥστε
1630 2901 1712 2957 καὶ
1752 2902 1888 2974 δίκην
1928 2902 2128 2976 ὑπέχειν

215 2996 298 3050 καὶ
337 2997 654 3058 δικάζεσθαι(ι
691 2998 927 3066 intellegi
965 2998 1082 3049 vult
1101 2998 1410 3050 Aristoteles
1440 2999 1575 3066 illos,
1617 3000 1711 3066 qui
1741 2999 1927 3052 eodem
1953 3000 2127 3068 mod0‚

220 3110 324 3161 quo
376 3094 519 3145 cives
564 3094 684 3161 ipsi,
735 3093 792 3143 111
840 3092 1040 3143 013ᾶο111
1087 3092 1214 3144 foris
1264 3094 1470 3161 possint
1510 3094 1600 3159 jus
1649 3092 1897 3161 praebere
1950 3110 2012 3145 ac
2047 3110 2128 3146 re-

216 3191 405 3256 petere.
482 3187 546 3238 Id
599 3187 741 3255 quod
790 3186 1220 3238 concludendum
1268 3191 1346 3238 est
1393 3192 1444 3239 et
1492 3203 1561 3238 ex
1599 3187 2038 3255 praecedentibus
2076 3192 2129 3240 et

218 3299 286 3334 ex
343 3281 719 3351 sequentibus3
776 3281 1086 3332 Aristoteles
1143 3282 1288 3332 enim
1337 3277 1436 3332 hoc
1481 3281 1596 3332 loco
1644 3281 1813 3332 voluit
1859 3282 2127 3350 indagare,

219 3378 469 3444 quisnam.
505 3377 691 3428 merito
730 3392 790 3427 ac
823 3376 942 3442 jure
981 3375 1327 3443 appellandus
1360 3377 1428 3427 sit
1456 3372 1868 3443 011·13(πολίτης);
1909 3393 1958 3443 p.
1987 3376 2126 3429 1275

218 3486 248 3522 a
289 3471 346 3522 l:
405 3468 557 3534 ,,ὥστε
612 3467 748 3522 τίνοι
804 3468 902 3540 χρὴ
959 3470 1123 3522 καλεῖν
1180 3467 1378 3539 πολίτην
1428 3467 1511 3521 καὶ
1567 3466 1636 3527 τίς
1687 3467 1713 3519 ὅ
1763 3466 1973 3537 πολίτης,
2026 3466 2127 3522 ἐστὶ

1607 3689 1644 3718 -t
