<?xml version="1.0" encoding="UTF-8"?>
<!DOCTYPE html PUBLIC "-//W3C//DTD XHTML 1.0 Transitional//EN"
    "http://www.w3.org/TR/xhtml1/DTD/xhtml1-transitional.dtd">
<html xmlns="http://www.w3.org/1999/xhtml" xml:lang="en" lang="en">
 <head>
  <title>
</title>
<meta http-equiv="Content-Type" content="text/html;charset=utf-8" />
  <meta name='ocr-system' content='tesseract 3.04.00' />
  <meta name='ocr-capabilities' content='ocr_page ocr_carea ocr_par ocr_line ocrx_word'/>
</head>
<body>
  <div class='ocr_page' id='page_1' title='image "./deconditionejure00frae_0082.png"; bbox 0 0 2320 3822; ppageno 0'>
   <div class='ocr_carea' id='block_1_1' title="bbox 295 113 363 166">
    <p class='ocr_par' dir='ltr' id='par_1_1' title="bbox 295 113 363 166">
     <span class='ocr_line' id='line_1_1' title="bbox 295 113 363 166; baseline 0 0"><span class='ocrx_word' id='word_1_1' title='bbox 295 113 363 166; x_wconf 82' lang='lat'>78</span> 
     </span>
    </p>
   </div>
   <div class='ocr_carea' id='block_1_2' title="bbox 280 248 2206 2499">
    <p class='ocr_par' dir='ltr' id='par_1_2' title="bbox 288 248 2206 798">
     <span class='ocr_line' id='line_1_2' title="bbox 291 248 2206 329; baseline 0.002 -20"><span class='ocrx_word' id='word_1_2' title='bbox 291 259 351 309; x_wconf 92' lang='lat' dir='ltr'>in</span> <span class='ocrx_word' id='word_1_3' title='bbox 422 258 731 327; x_wconf 80' lang='lat' dir='ltr'>popularem</span> <span class='ocrx_word' id='word_1_4' title='bbox 808 262 1005 311; x_wconf 90' lang='lat' dir='ltr'>statum</span> <span class='ocrx_word' id='word_1_5' title='bbox 1077 248 1387 327; x_wconf 77' lang='lat' dir='ltr'>redegerant</span> <span class='ocrx_word' id='word_1_6' title='bbox 1461 256 1807 329; x_wconf 76' lang='grc' dir='ltr'>(δημοκρατίαν</span> <span class='ocrx_word' id='word_1_7' title='bbox 1873 258 2206 329; x_wconf 82' lang='grc' dir='ltr'>κατέστησαν).</span> 
     </span>
     <span class='ocr_line' id='line_1_3' title="bbox 293 350 2205 422; baseline 0.002 -19"><span class='ocrx_word' id='word_1_8' title='bbox 293 350 447 413; x_wconf 74' lang='lat' dir='ltr'>Quod</span> <span class='ocrx_word' id='word_1_9' title='bbox 485 356 547 404; x_wconf 92' lang='lat' dir='ltr'>ut</span> <span class='ocrx_word' id='word_1_10' title='bbox 582 352 746 421; x_wconf 85' lang='lat' dir='ltr'>fieret,</span> <span class='ocrx_word' id='word_1_11' title='bbox 785 355 1124 422; x_wconf 78' lang='lat' dir='ltr'>magistratus</span> <span class='ocrx_word' id='word_1_12' title='bbox 1162 354 1400 422; x_wconf 90' lang='lat' dir='ltr'>ipsorum</span> <span class='ocrx_word' id='word_1_13' title='bbox 1437 353 1495 404; x_wconf 91' lang='lat' dir='ltr'>in</span> <span class='ocrx_word' id='word_1_14' title='bbox 1525 354 1788 405; x_wconf 90' lang='lat' dir='ltr'>sociorum</span> <span class='ocrx_word' id='word_1_15' title='bbox 1820 353 2013 422; x_wconf 90' lang='lat' dir='ltr'>oppida</span> <span class='ocrx_word' id='word_1_16' title='bbox 2031 355 2205 407; x_wconf 90' lang='lat' dir='ltr'>mitte—</span> 
     </span>
     <span class='ocr_line' id='line_1_4' title="bbox 290 445 2204 517; baseline 0.002 -20"><span class='ocrx_word' id='word_1_17' title='bbox 290 445 436 514; x_wconf 79' lang='lat' dir='ltr'>bant,</span> <span class='ocrx_word' id='word_1_18' title='bbox 497 448 590 515; x_wconf 87' lang='lat' dir='ltr'>qui</span> <span class='ocrx_word' id='word_1_19' title='bbox 641 445 894 500; x_wconf 82' lang='grc' dir='ltr'>ἐπίσκοποι</span> <span class='ocrx_word' id='word_1_20' title='bbox 945 446 1359 516; x_wconf 78' lang='lat' dir='ltr'>appellabantur.</span> <span class='ocrx_word' id='word_1_21' title='bbox 1438 446 1524 497; x_wconf 84' lang='lat' dir='ltr'>Illi</span> <span class='ocrx_word' id='word_1_22' title='bbox 1563 445 1815 500; x_wconf 77' lang='grc' dir='ltr'>ἐπίσκοποι</span> <span class='ocrx_word' id='word_1_23' title='bbox 1853 451 2002 500; x_wconf 79' lang='lat' dir='ltr'>erant</span> <span class='ocrx_word' id='word_1_24' title='bbox 2038 448 2204 517; x_wconf 78' lang='lat' dir='ltr'>magi-</span> 
     </span>
     <span class='ocr_line' id='line_1_5' title="bbox 291 540 2203 611; baseline 0.001 -19"><span class='ocrx_word' id='word_1_25' title='bbox 291 545 485 593; x_wconf 79' lang='lat' dir='ltr'>stratus</span> <span class='ocrx_word' id='word_1_26' title='bbox 522 557 800 610; x_wconf 82' lang='lat' dir='ltr'>perennes,</span> <span class='ocrx_word' id='word_1_27' title='bbox 859 545 1018 609; x_wconf 88' lang='lat' dir='ltr'>atque</span> <span class='ocrx_word' id='word_1_28' title='bbox 1068 557 1177 592; x_wconf 90' lang='lat' dir='ltr'>non</span> <span class='ocrx_word' id='word_1_29' title='bbox 1227 540 1400 591; x_wconf 89' lang='lat' dir='ltr'>solum</span> <span class='ocrx_word' id='word_1_30' title='bbox 1437 541 1527 592; x_wconf 90' lang='lat' dir='ltr'>illo</span> <span class='ocrx_word' id='word_1_31' title='bbox 1566 558 1788 594; x_wconf 93' lang='lat' dir='ltr'>munere</span> <span class='ocrx_word' id='word_1_32' title='bbox 1824 541 2203 611; x_wconf 83' lang='lat' dir='ltr'>fungebantur,</span> 
     </span>
     <span class='ocr_line' id='line_1_6' title="bbox 288 634 2202 704; baseline 0 -16"><span class='ocrx_word' id='word_1_33' title='bbox 288 641 350 688; x_wconf 90' lang='lat' dir='ltr'>ut</span> <span class='ocrx_word' id='word_1_34' title='bbox 391 635 828 704; x_wconf 79' lang='lat' dir='ltr'>„democratian1“</span> <span class='ocrx_word' id='word_1_35' title='bbox 872 635 1269 701; x_wconf 79' lang='lat' dir='ltr'>constituerent,</span> <span class='ocrx_word' id='word_1_36' title='bbox 1322 634 1414 685; x_wconf 90' lang='lat' dir='ltr'>sed</span> <span class='ocrx_word' id='word_1_37' title='bbox 1453 636 1611 687; x_wconf 89' lang='lat' dir='ltr'>etiam</span> <span class='ocrx_word' id='word_1_38' title='bbox 1648 640 1923 704; x_wconf 88' lang='lat' dir='ltr'>praeerant</span> <span class='ocrx_word' id='word_1_39' title='bbox 1954 637 2202 704; x_wconf 83' lang='lat' dir='ltr'>judicum</span> 
     </span>
     <span class='ocr_line' id='line_1_7' title="bbox 288 726 1512 798; baseline -0.002 -16"><span class='ocrx_word' id='word_1_40' title='bbox 288 731 507 783; x_wconf 65' lang='lat' dir='ltr'>consilio</span> <span class='ocrx_word' id='word_1_41' title='bbox 545 731 603 781; x_wconf 87' lang='lat' dir='ltr'>in</span> <span class='ocrx_word' id='word_1_42' title='bbox 641 727 796 788; x_wconf 75' lang='grc' dir='ltr'>δίκαις</span> <span class='ocrx_word' id='word_1_43' title='bbox 835 727 931 781; x_wconf 83' lang='grc' dir='ltr'>ἀπὸ</span> <span class='ocrx_word' id='word_1_44' title='bbox 973 726 1229 798; x_wconf 78' lang='grc' dir='ltr'>συμβόλων</span> <span class='ocrx_word' id='word_1_45' title='bbox 1268 729 1512 797; x_wconf 81' lang='lat' dir='ltr'>agundis.</span> 
     </span>
    </p>

    <p class='ocr_par' dir='ltr' id='par_1_3' title="bbox 284 822 2202 1081">
     <span class='ocr_line' id='line_1_8' title="bbox 431 822 2202 892; baseline -0.001 -14"><span class='ocrx_word' id='word_1_46' title='bbox 431 827 482 892; x_wconf 78' lang='lat'>2)</span> <span class='ocrx_word' id='word_1_47' title='bbox 521 825 750 891; x_wconf 83' lang='lat' dir='ltr'>Eorum,</span> <span class='ocrx_word' id='word_1_48' title='bbox 822 825 916 892; x_wconf 88' lang='lat' dir='ltr'>qui</span> <span class='ocrx_word' id='word_1_49' title='bbox 981 822 1151 891; x_wconf 89' lang='lat' dir='ltr'>plebis</span> <span class='ocrx_word' id='word_1_50' title='bbox 1209 823 1625 875; x_wconf 86' lang='lat' dir='ltr'>dominationem</span> <span class='ocrx_word' id='word_1_51' title='bbox 1683 825 1983 876; x_wconf 89' lang='lat' dir='ltr'>secundum</span> <span class='ocrx_word' id='word_1_52' title='bbox 2038 842 2202 877; x_wconf 88' lang='grc'><strong>31111111</strong></span> 
     </span>
     <span class='ocr_line' id='line_1_9' title="bbox 284 916 2201 989; baseline 0 -18"><span class='ocrx_word' id='word_1_53' title='bbox 284 921 523 989; x_wconf 91' lang='lat' dir='ltr'>ipsorum</span> <span class='ocrx_word' id='word_1_54' title='bbox 579 918 856 970; x_wconf 86' lang='lat' dir='ltr'>arbitrium</span> <span class='ocrx_word' id='word_1_55' title='bbox 914 919 1257 969; x_wconf 77' lang='lat' dir='ltr'>constitutam</span> <span class='ocrx_word' id='word_1_56' title='bbox 1304 917 1598 969; x_wconf 86' lang='lat' dir='ltr'>servabant.</span> <span class='ocrx_word' id='word_1_57' title='bbox 1680 916 1919 979; x_wconf 80' lang='lat' dir='ltr'>Quorum</span> <span class='ocrx_word' id='word_1_58' title='bbox 1965 920 2024 970; x_wconf 93' lang='lat' dir='ltr'>in</span> <span class='ocrx_word' id='word_1_59' title='bbox 2072 921 2201 971; x_wconf 90' lang='lat' dir='ltr'>civi-</span> 
     </span>
     <span class='ocr_line' id='line_1_10' title="bbox 285 1013 1665 1081; baseline -0.001 -15"><span class='ocrx_word' id='word_1_60' title='bbox 285 1014 484 1066; x_wconf 83' lang='lat' dir='ltr'>tatibus</span> <span class='ocrx_word' id='word_1_61' title='bbox 522 1030 633 1065; x_wconf 94' lang='lat' dir='ltr'>non</span> <span class='ocrx_word' id='word_1_62' title='bbox 672 1016 821 1064; x_wconf 92' lang='lat' dir='ltr'>erant</span> <span class='ocrx_word' id='word_1_63' title='bbox 857 1013 1272 1064; x_wconf 89' lang='lat' dir='ltr'>Atheniensium</span> <span class='ocrx_word' id='word_1_64' title='bbox 1310 1014 1665 1081; x_wconf 75' lang='lat' dir='ltr'>magistratus,</span> 
     </span>
    </p>

    <p class='ocr_par' dir='ltr' id='par_1_4' title="bbox 281 1106 2199 1554">
     <span class='ocr_line' id='line_1_11' title="bbox 429 1106 2199 1176; baseline -0.001 -15"><span class='ocrx_word' id='word_1_65' title='bbox 429 1109 480 1176; x_wconf 81' lang='lat'>3)</span> <span class='ocrx_word' id='word_1_66' title='bbox 520 1107 739 1175; x_wconf 85' lang='lat' dir='ltr'>Eorum,</span> <span class='ocrx_word' id='word_1_67' title='bbox 799 1123 1027 1175; x_wconf 86' lang='lat' dir='ltr'>quorum</span> <span class='ocrx_word' id='word_1_68' title='bbox 1074 1107 1133 1157; x_wconf 91' lang='lat' dir='ltr'>in</span> <span class='ocrx_word' id='word_1_69' title='bbox 1174 1106 1479 1158; x_wconf 82' lang='lat' dir='ltr'>civitatibus</span> <span class='ocrx_word' id='word_1_70' title='bbox 1517 1124 1811 1176; x_wconf 90' lang='lat' dir='ltr'>paucorum</span> <span class='ocrx_word' id='word_1_71' title='bbox 1851 1107 2199 1175; x_wconf 87' lang='lat' dir='ltr'>dominatum,</span> 
     </span>
     <span class='ocr_line' id='line_1_12' title="bbox 286 1195 2198 1271; baseline -0.001 -17"><span class='ocrx_word' id='word_1_72' title='bbox 286 1204 380 1271; x_wconf 88' lang='lat' dir='ltr'>qui</span> <span class='ocrx_word' id='word_1_73' title='bbox 436 1206 590 1254; x_wconf 92' lang='lat' dir='ltr'>antea</span> <span class='ocrx_word' id='word_1_74' title='bbox 637 1202 893 1269; x_wconf 86' lang='lat' dir='ltr'>valuerat,</span> <span class='ocrx_word' id='word_1_75' title='bbox 948 1201 1305 1253; x_wconf 87' lang='lat' dir='ltr'>Athenienses</span> <span class='ocrx_word' id='word_1_76' title='bbox 1353 1218 1463 1253; x_wconf 90' lang='lat' dir='ltr'>non</span> <span class='ocrx_word' id='word_1_77' title='bbox 1511 1205 1828 1254; x_wconf 79' lang='lat' dir='ltr'>everterunt.</span> <span class='ocrx_word' id='word_1_78' title='bbox 1916 1201 2093 1254; x_wconf 84' lang='lat' dir='ltr'>Etiam</span> <span class='ocrx_word' id='word_1_79' title='bbox 2140 1195 2198 1253; x_wconf 87' lang='lat' dir='ltr'>in</span> 
     </span>
     <span class='ocr_line' id='line_1_13' title="bbox 282 1296 2199 1364; baseline 0 -16"><span class='ocrx_word' id='word_1_80' title='bbox 282 1298 365 1348; x_wconf 90' lang='lat' dir='ltr'>his</span> <span class='ocrx_word' id='word_1_81' title='bbox 406 1297 710 1349; x_wconf 82' lang='lat' dir='ltr'>civitatibus</span> <span class='ocrx_word' id='word_1_82' title='bbox 748 1296 1163 1363; x_wconf 87' lang='lat' dir='ltr'>Atheniensium</span> <span class='ocrx_word' id='word_1_83' title='bbox 1200 1297 1540 1364; x_wconf 80' lang='lat' dir='ltr'>magistratus</span> <span class='ocrx_word' id='word_1_84' title='bbox 1588 1313 1700 1347; x_wconf 93' lang='lat' dir='ltr'>non</span> <span class='ocrx_word' id='word_1_85' title='bbox 1739 1299 1899 1348; x_wconf 87' lang='lat' dir='ltr'>erant.</span> <span class='ocrx_word' id='word_1_86' title='bbox 1979 1296 2199 1348; x_wconf 80' lang='lat' dir='ltr'>Samum</span> 
     </span>
     <span class='ocr_line' id='line_1_14' title="bbox 281 1389 2199 1460; baseline 0 -17"><span class='ocrx_word' id='word_1_87' title='bbox 281 1392 444 1459; x_wconf 87' lang='lat' dir='ltr'>hujus</span> <span class='ocrx_word' id='word_1_88' title='bbox 481 1392 689 1460; x_wconf 89' lang='lat' dir='ltr'>generis</span> <span class='ocrx_word' id='word_1_89' title='bbox 727 1391 892 1442; x_wconf 86' lang='lat' dir='ltr'>fuisse</span> <span class='ocrx_word' id='word_1_90' title='bbox 931 1390 1185 1458; x_wconf 90' lang='lat' dir='ltr'>oppidum</span> <span class='ocrx_word' id='word_1_91' title='bbox 1227 1390 1573 1443; x_wconf 87' lang='lat' dir='ltr'>demonstrari</span> <span class='ocrx_word' id='word_1_92' title='bbox 1606 1395 1791 1459; x_wconf 87' lang='lat' dir='ltr'>potest.</span> <span class='ocrx_word' id='word_1_93' title='bbox 1872 1389 2019 1453; x_wconf 80' lang='lat' dir='ltr'>Quae</span> <span class='ocrx_word' id='word_1_94' title='bbox 2039 1390 2199 1443; x_wconf 90' lang='lat' dir='ltr'>urbes</span> 
     </span>
     <span class='ocr_line' id='line_1_15' title="bbox 286 1485 1115 1554; baseline -0.004 -16"><span class='ocrx_word' id='word_1_95' title='bbox 286 1487 402 1538; x_wconf 91' lang='lat' dir='ltr'>sine</span> <span class='ocrx_word' id='word_1_96' title='bbox 442 1486 604 1537; x_wconf 92' lang='lat' dir='ltr'>dubio</span> <span class='ocrx_word' id='word_1_97' title='bbox 642 1501 844 1554; x_wconf 89' lang='lat' dir='ltr'>paucae</span> <span class='ocrx_word' id='word_1_98' title='bbox 882 1485 1115 1536; x_wconf 86' lang='lat' dir='ltr'>fuerunt.</span> 
     </span>
    </p>

    <p class='ocr_par' dir='ltr' id='par_1_5' title="bbox 280 1577 2197 2217">
     <span class='ocr_line' id='line_1_16' title="bbox 426 1577 2194 1650; baseline 0 -19"><span class='ocrx_word' id='word_1_99' title='bbox 426 1580 461 1631; x_wconf 83' lang='lat' dir='ltr'><strong>J</strong></span> <span class='ocrx_word' id='word_1_100' title='bbox 475 1581 619 1631; x_wconf 88' lang='grc'><strong>11113</strong></span> <span class='ocrx_word' id='word_1_101' title='bbox 635 1580 845 1631; x_wconf 91' lang='lat' dir='ltr'>dictio</span> <span class='ocrx_word' id='word_1_102' title='bbox 917 1581 1181 1631; x_wconf 89' lang='lat' dir='ltr'>sociorum</span> <span class='ocrx_word' id='word_1_103' title='bbox 1239 1577 1519 1650; x_wconf 76' lang='grc' dir='ltr'>αὐτόνομων</span> <span class='ocrx_word' id='word_1_104' title='bbox 1576 1595 1793 1648; x_wconf 89' lang='lat' dir='ltr'>prorsus</span> <span class='ocrx_word' id='word_1_105' title='bbox 1849 1579 2016 1631; x_wconf 88' lang='lat' dir='ltr'>libera</span> <span class='ocrx_word' id='word_1_106' title='bbox 2071 1583 2194 1631; x_wconf 89' lang='lat' dir='ltr'>erat.</span> 
     </span>
     <span class='ocr_line' id='line_1_17' title="bbox 283 1673 2197 1742; baseline 0 -17"><span class='ocrx_word' id='word_1_107' title='bbox 283 1673 499 1742; x_wconf 80' lang='lat' dir='ltr'>Omnes,</span> <span class='ocrx_word' id='word_1_108' title='bbox 558 1690 695 1742; x_wconf 89' lang='lat' dir='ltr'>quae</span> <span class='ocrx_word' id='word_1_109' title='bbox 744 1678 893 1726; x_wconf 89' lang='lat' dir='ltr'>erant</span> <span class='ocrx_word' id='word_1_110' title='bbox 940 1675 1079 1725; x_wconf 90' lang='lat' dir='ltr'>inter</span> <span class='ocrx_word' id='word_1_111' title='bbox 1128 1675 1271 1726; x_wconf 84' lang='lat' dir='ltr'>cives</span> <span class='ocrx_word' id='word_1_112' title='bbox 1320 1675 1559 1742; x_wconf 86' lang='lat' dir='ltr'>ejusdem</span> <span class='ocrx_word' id='word_1_113' title='bbox 1610 1674 1777 1741; x_wconf 88' lang='lat' dir='ltr'>urbis,</span> <span class='ocrx_word' id='word_1_114' title='bbox 1829 1690 2018 1726; x_wconf 77' lang='lat' dir='ltr'>causas</span> <span class='ocrx_word' id='word_1_115' title='bbox 2067 1675 2197 1726; x_wconf 88' lang='lat' dir='ltr'>socii</span> 
     </span>
     <span class='ocr_line' id='line_1_18' title="bbox 282 1767 2195 1838; baseline 0 -18"><span class='ocrx_word' id='word_1_116' title='bbox 282 1767 540 1838; x_wconf 78' lang='grc' dir='ltr'>αὐτόνομοι</span> <span class='ocrx_word' id='word_1_117' title='bbox 577 1770 635 1820; x_wconf 90' lang='grc'>111</span> <span class='ocrx_word' id='word_1_118' title='bbox 675 1786 772 1821; x_wconf 91' lang='grc'><strong>3110</strong></span> <span class='ocrx_word' id='word_1_119' title='bbox 810 1770 1049 1837; x_wconf 88' lang='lat' dir='ltr'>ipsorum</span> <span class='ocrx_word' id='word_1_120' title='bbox 1086 1768 1196 1820; x_wconf 91' lang='lat' dir='ltr'>foro</span> <span class='ocrx_word' id='word_1_121' title='bbox 1238 1769 1479 1838; x_wconf 85' lang='lat' dir='ltr'>agebant.</span> <span class='ocrx_word' id='word_1_122' title='bbox 1560 1767 1715 1830; x_wconf 79' lang='lat' dir='ltr'>Quod</span> <span class='ocrx_word' id='word_1_123' title='bbox 1753 1770 1939 1820; x_wconf 85' lang='lat' dir='ltr'>attinet</span> <span class='ocrx_word' id='word_1_124' title='bbox 1972 1768 2040 1820; x_wconf 91' lang='lat' dir='ltr'>ad</span> <span class='ocrx_word' id='word_1_125' title='bbox 2058 1768 2195 1836; x_wconf 74' lang='lat' dir='ltr'>lites,</span> 
     </span>
     <span class='ocr_line' id='line_1_19' title="bbox 283 1858 2196 1933; baseline -0.001 -18"><span class='ocrx_word' id='word_1_126' title='bbox 283 1881 416 1933; x_wconf 87' lang='lat' dir='ltr'>quas</span> <span class='ocrx_word' id='word_1_127' title='bbox 474 1865 603 1915; x_wconf 92' lang='lat' dir='ltr'>socii</span> <span class='ocrx_word' id='word_1_128' title='bbox 651 1858 910 1933; x_wconf 66' lang='grc' dir='ltr'>αὐτόνομοι</span> <span class='ocrx_word' id='word_1_129' title='bbox 961 1862 1188 1932; x_wconf 90' lang='lat' dir='ltr'>agebant</span> <span class='ocrx_word' id='word_1_130' title='bbox 1237 1880 1362 1915; x_wconf 90' lang='lat' dir='ltr'>cum</span> <span class='ocrx_word' id='word_1_131' title='bbox 1411 1862 1853 1931; x_wconf 76' lang='lat' dir='ltr'>AtheniensibuS,</span> <span class='ocrx_word' id='word_1_132' title='bbox 1909 1862 2196 1914; x_wconf 84' lang='lat' dir='ltr'>verisimile</span> 
     </span>
     <span class='ocr_line' id='line_1_20' title="bbox 281 1957 2196 2027; baseline -0.001 -17"><span class='ocrx_word' id='word_1_133' title='bbox 281 1963 360 2011; x_wconf 88' lang='lat' dir='ltr'>est</span> <span class='ocrx_word' id='word_1_134' title='bbox 399 1975 488 2010; x_wconf 92' lang='lat' dir='ltr'>eos</span> <span class='ocrx_word' id='word_1_135' title='bbox 522 1960 633 2026; x_wconf 88' lang='lat' dir='ltr'>jam</span> <span class='ocrx_word' id='word_1_136' title='bbox 669 1959 838 2027; x_wconf 88' lang='lat' dir='ltr'>primo</span> <span class='ocrx_word' id='word_1_137' title='bbox 879 1959 1143 2010; x_wconf 89' lang='lat' dir='ltr'>societatis</span> <span class='ocrx_word' id='word_1_138' title='bbox 1177 1957 1434 2009; x_wconf 90' lang='lat' dir='ltr'>decennio</span> <span class='ocrx_word' id='word_1_139' title='bbox 1457 1958 1521 2010; x_wconf 93' lang='lat' dir='ltr'>de</span> <span class='ocrx_word' id='word_1_140' title='bbox 1543 1957 1842 2009; x_wconf 89' lang='lat' dir='ltr'>actionibus</span> <span class='ocrx_word' id='word_1_141' title='bbox 1861 1958 2196 2025; x_wconf 87' lang='lat' dir='ltr'>negotiorum</span> 
     </span>
     <span class='ocr_line' id='line_1_21' title="bbox 280 2037 2195 2123; baseline -0.001 -19"><span class='ocrx_word' id='word_1_142' title='bbox 280 2053 508 2121; x_wconf 87' lang='lat' dir='ltr'>agundis</span> <span class='ocrx_word' id='word_1_143' title='bbox 548 2070 672 2104; x_wconf 91' lang='lat' dir='ltr'>cum</span> <span class='ocrx_word' id='word_1_144' title='bbox 694 2052 1117 2105; x_wconf 88' lang='lat' dir='ltr'>Atheniensibus</span> <span class='ocrx_word' id='word_1_145' title='bbox 1155 2051 1342 2104; x_wconf 86' lang='lat' dir='ltr'>fecisse</span> <span class='ocrx_word' id='word_1_146' title='bbox 1380 2056 1533 2121; x_wconf 89' lang='lat' dir='ltr'>pacta</span> <span class='ocrx_word' id='word_1_147' title='bbox 1572 2037 1860 2123; x_wconf 41' lang='lat' dir='ltr'>(odussolxa),</span> <span class='ocrx_word' id='word_1_148' title='bbox 1887 2068 1957 2104; x_wconf 87' lang='lat' dir='ltr'>ex</span> <span class='ocrx_word' id='word_1_149' title='bbox 1997 2050 2195 2120; x_wconf 89' lang='lat' dir='ltr'>quibus</span> 
     </span>
     <span class='ocr_line' id='line_1_22' title="bbox 281 2144 2191 2217; baseline -0.001 -18"><span class='ocrx_word' id='word_1_150' title='bbox 281 2164 467 2199; x_wconf 82' lang='lat' dir='ltr'>causas</span> <span class='ocrx_word' id='word_1_151' title='bbox 514 2148 631 2199; x_wconf 89' lang='lat' dir='ltr'>illas</span> <span class='ocrx_word' id='word_1_152' title='bbox 679 2151 912 2216; x_wconf 89' lang='lat' dir='ltr'>agerent,</span> <span class='ocrx_word' id='word_1_153' title='bbox 966 2163 1103 2215; x_wconf 88' lang='lat' dir='ltr'>quae</span> <span class='ocrx_word' id='word_1_154' title='bbox 1151 2144 1282 2198; x_wconf 76' lang='grc' dir='ltr'>δίκαι</span> <span class='ocrx_word' id='word_1_155' title='bbox 1330 2144 1427 2198; x_wconf 83' lang='grc' dir='ltr'>ἀπὸ</span> <span class='ocrx_word' id='word_1_156' title='bbox 1479 2145 1734 2217; x_wconf 80' lang='grc' dir='ltr'>συμβόλων</span> <span class='ocrx_word' id='word_1_157' title='bbox 1775 2146 2191 2216; x_wconf 88' lang='lat' dir='ltr'>appellabantur.</span> 
     </span>
    </p>

    <p class='ocr_par' dir='ltr' id='par_1_6' title="bbox 280 2239 2192 2499">
     <span class='ocr_line' id='line_1_23' title="bbox 424 2239 2192 2310; baseline -0.001 -16"><span class='ocrx_word' id='word_1_158' title='bbox 424 2242 566 2294; x_wconf 81' lang='lat' dir='ltr'>Socii</span> <span class='ocrx_word' id='word_1_159' title='bbox 614 2239 872 2305; x_wconf 79' lang='grc' dir='ltr'>ὑποτελεῖς,</span> <span class='ocrx_word' id='word_1_160' title='bbox 927 2258 1158 2310; x_wconf 88' lang='lat' dir='ltr'>quorum</span> <span class='ocrx_word' id='word_1_161' title='bbox 1207 2258 1328 2310; x_wconf 85' lang='lat' dir='ltr'>pars</span> <span class='ocrx_word' id='word_1_162' title='bbox 1377 2258 1588 2293; x_wconf 89' lang='lat' dir='ltr'>summa</span> <span class='ocrx_word' id='word_1_163' title='bbox 1625 2243 1681 2292; x_wconf 92' lang='lat' dir='ltr'>in</span> <span class='ocrx_word' id='word_1_164' title='bbox 1720 2257 1777 2293; x_wconf 89' lang='lat' dir='ltr'>re</span> <span class='ocrx_word' id='word_1_165' title='bbox 1814 2241 2030 2310; x_wconf 88' lang='lat' dir='ltr'>publica</span> <span class='ocrx_word' id='word_1_166' title='bbox 2067 2256 2192 2292; x_wconf 90' lang='grc'><strong>0011-</strong></span> 
     </span>
     <span class='ocr_line' id='line_1_24' title="bbox 280 2335 2191 2410; baseline -0.001 -22"><span class='ocrx_word' id='word_1_167' title='bbox 280 2337 548 2389; x_wconf 89' lang='lat' dir='ltr'>stituenda</span> <span class='ocrx_word' id='word_1_168' title='bbox 603 2336 853 2388; x_wconf 88' lang='lat' dir='ltr'>utebatur</span> <span class='ocrx_word' id='word_1_169' title='bbox 907 2335 1163 2403; x_wconf 84' lang='lat' dir='ltr'>libertate,</span> <span class='ocrx_word' id='word_1_170' title='bbox 1220 2337 1319 2387; x_wconf 88' lang='lat' dir='ltr'>hac</span> <span class='ocrx_word' id='word_1_171' title='bbox 1374 2352 1430 2387; x_wconf 91' lang='lat' dir='ltr'>re</span> <span class='ocrx_word' id='word_1_172' title='bbox 1487 2337 1771 2410; x_wconf 86' lang='lat' dir='ltr'>praecipuo</span> <span class='ocrx_word' id='word_1_173' title='bbox 1820 2335 2030 2404; x_wconf 89' lang='lat' dir='ltr'>legibus</span> <span class='ocrx_word' id='word_1_174' title='bbox 2078 2336 2191 2387; x_wconf 89' lang='lat' dir='ltr'>suis</span> 
     </span>
     <span class='ocr_line' id='line_1_25' title="bbox 281 2430 2188 2499; baseline -0.002 -16"><span class='ocrx_word' id='word_1_175' title='bbox 281 2431 620 2499; x_wconf 88' lang='lat' dir='ltr'>(autonomia)</span> <span class='ocrx_word' id='word_1_176' title='bbox 673 2434 800 2482; x_wconf 90' lang='lat' dir='ltr'>sunt</span> <span class='ocrx_word' id='word_1_177' title='bbox 855 2432 1064 2499; x_wconf 82' lang='lat' dir='ltr'>privati,</span> <span class='ocrx_word' id='word_1_178' title='bbox 1124 2431 1267 2499; x_wconf 86' lang='lat' dir='ltr'>quod</span> <span class='ocrx_word' id='word_1_179' title='bbox 1314 2431 1710 2482; x_wconf 89' lang='lat' dir='ltr'>Anthenienses</span> <span class='ocrx_word' id='word_1_180' title='bbox 1760 2430 2188 2497; x_wconf 82' lang='lat' dir='ltr'>jurisdictionem</span> 
     </span>
    </p>
   </div>
   <div class='ocr_carea' id='block_1_3' title="bbox 272 2517 2276 2689">
    <p class='ocr_par' dir='ltr' id='par_1_7' title="bbox 272 2517 2276 2689">
     <span class='ocr_line' id='line_1_26' title="bbox 278 2517 2272 2583; baseline 0 -7"><span class='ocrx_word' id='word_1_181' title='bbox 278 2527 334 2577; x_wconf 91' lang='lat' dir='ltr'>in</span> <span class='ocrx_word' id='word_1_182' title='bbox 374 2526 557 2577; x_wconf 89' lang='lat' dir='ltr'>multis</span> <span class='ocrx_word' id='word_1_183' title='bbox 604 2526 781 2577; x_wconf 92' lang='lat' dir='ltr'>causis</span> <span class='ocrx_word' id='word_1_184' title='bbox 828 2526 894 2576; x_wconf 89' lang='lat' dir='ltr'>iis</span> <span class='ocrx_word' id='word_1_185' title='bbox 943 2525 1268 2577; x_wconf 87' lang='lat' dir='ltr'>ademerunt.</span> <span class='ocrx_word' id='word_1_186' title='bbox 1347 2525 1529 2577; x_wconf 79' lang='lat' dir='ltr'>Socios</span> <span class='ocrx_word' id='word_1_187' title='bbox 1569 2523 1816 2583; x_wconf 79' lang='grc' dir='ltr'>ὑποτελεῖς</span> <span class='ocrx_word' id='word_1_188' title='bbox 1856 2541 2044 2576; x_wconf 84' lang='lat' dir='ltr'>causas</span> <span class='ocrx_word' id='word_1_189' title='bbox 2081 2541 2192 2576; x_wconf 90' lang='lat' dir='ltr'>ma-</span> <span class='ocrx_word' id='word_1_190' title='bbox 2269 2517 2272 2519; x_wconf 59' lang='grc'><strong>’</strong></span> 
     </span>
     <span class='ocr_line' id='line_1_27' title="bbox 272 2619 2276 2689; baseline 0 -18"><span class='ocrx_word' id='word_1_191' title='bbox 272 2621 402 2687; x_wconf 84' lang='lat' dir='ltr'>joris</span> <span class='ocrx_word' id='word_1_192' title='bbox 457 2621 729 2688; x_wconf 86' lang='lat' dir='ltr'>momenti,</span> <span class='ocrx_word' id='word_1_193' title='bbox 790 2636 925 2688; x_wconf 86' lang='lat' dir='ltr'>quae</span> <span class='ocrx_word' id='word_1_194' title='bbox 975 2624 1123 2671; x_wconf 85' lang='lat' dir='ltr'>erant</span> <span class='ocrx_word' id='word_1_195' title='bbox 1167 2621 1307 2671; x_wconf 91' lang='lat' dir='ltr'>inter</span> <span class='ocrx_word' id='word_1_196' title='bbox 1353 2621 1496 2671; x_wconf 83' lang='lat' dir='ltr'>cives</span> <span class='ocrx_word' id='word_1_197' title='bbox 1535 2619 1774 2686; x_wconf 87' lang='lat' dir='ltr'>ejusdem</span> <span class='ocrx_word' id='word_1_198' title='bbox 1812 2619 1962 2670; x_wconf 87' lang='lat' dir='ltr'>urbis</span> <span class='ocrx_word' id='word_1_199' title='bbox 2001 2620 2191 2686; x_wconf 83' lang='lat' dir='ltr'>sociae,</span> <span class='ocrx_word' id='word_1_200' title='bbox 2271 2685 2276 2689; x_wconf 10' lang='grc' dir='ltr'>λ</span> 
     </span>
    </p>
   </div>
   <div class='ocr_carea' id='block_1_4' title="bbox 272 2713 2192 3631">
    <p class='ocr_par' dir='ltr' id='par_1_8' title="bbox 272 2713 2192 3631">
     <span class='ocr_line' id='line_1_28' title="bbox 279 2713 2188 2782; baseline -0.001 -17"><span class='ocrx_word' id='word_1_201' title='bbox 279 2731 432 2782; x_wconf 83' lang='lat' dir='ltr'>agere</span> <span class='ocrx_word' id='word_1_202' title='bbox 466 2714 713 2766; x_wconf 88' lang='lat' dir='ltr'>debuisse</span> <span class='ocrx_word' id='word_1_203' title='bbox 743 2714 987 2781; x_wconf 89' lang='lat' dir='ltr'>Athenis,</span> <span class='ocrx_word' id='word_1_204' title='bbox 1028 2715 1179 2766; x_wconf 83' lang='lat' dir='ltr'>docet</span> <span class='ocrx_word' id='word_1_205' title='bbox 1215 2714 1364 2765; x_wconf 86' lang='lat' dir='ltr'>locus</span> <span class='ocrx_word' id='word_1_206' title='bbox 1396 2713 2018 2782; x_wconf 78' lang='lat' dir='ltr'>Pseudoxenophonteus</span> <span class='ocrx_word' id='word_1_207' title='bbox 2058 2713 2125 2781; x_wconf 91' lang='lat' dir='ltr'>(d.</span> <span class='ocrx_word' id='word_1_208' title='bbox 2148 2731 2188 2764; x_wconf 90' lang='lat' dir='ltr'>r.</span> 
     </span>
     <span class='ocr_line' id='line_1_29' title="bbox 277 2808 2188 2878; baseline 0 -19"><span class='ocrx_word' id='word_1_209' title='bbox 277 2808 722 2878; x_wconf 79' lang='lat' dir='ltr'>pb1.Ath.I,1ss).</span> <span class='ocrx_word' id='word_1_210' title='bbox 800 2808 888 2859; x_wconf 74' lang='lat' dir='ltr'>Ex</span> <span class='ocrx_word' id='word_1_211' title='bbox 926 2809 1024 2859; x_wconf 87' lang='lat' dir='ltr'>hac</span> <span class='ocrx_word' id='word_1_212' title='bbox 1061 2825 1134 2876; x_wconf 89' lang='lat' dir='ltr'>re,</span> <span class='ocrx_word' id='word_1_213' title='bbox 1177 2810 1320 2878; x_wconf 86' lang='lat' dir='ltr'>quod</span> <span class='ocrx_word' id='word_1_214' title='bbox 1357 2810 1415 2860; x_wconf 91' lang='lat' dir='ltr'>in</span> <span class='ocrx_word' id='word_1_215' title='bbox 1452 2809 1566 2860; x_wconf 91' lang='lat' dir='ltr'>loco</span> <span class='ocrx_word' id='word_1_216' title='bbox 1605 2808 1693 2869; x_wconf 84' lang='lat' dir='ltr'>illo</span> <span class='ocrx_word' id='word_1_217' title='bbox 1729 2812 2188 2876; x_wconf 81' lang='lat' dir='ltr'>commemoratur,</span> 
     </span>
     <span class='ocr_line' id='line_1_30' title="bbox 276 2897 2192 2972; baseline 0 -18"><span class='ocrx_word' id='word_1_218' title='bbox 276 2908 532 2971; x_wconf 80' lang='lat' dir='ltr'>prytanea</span> <span class='ocrx_word' id='word_1_219' title='bbox 587 2921 618 2955; x_wconf 87' lang='lat' dir='ltr'>a</span> <span class='ocrx_word' id='word_1_220' title='bbox 664 2904 820 2955; x_wconf 89' lang='lat' dir='ltr'>sociis</span> <span class='ocrx_word' id='word_1_221' title='bbox 867 2904 924 2954; x_wconf 90' lang='lat' dir='ltr'>in</span> <span class='ocrx_word' id='word_1_222' title='bbox 977 2905 1154 2955; x_wconf 90' lang='lat' dir='ltr'>causis</span> <span class='ocrx_word' id='word_1_223' title='bbox 1207 2903 1437 2972; x_wconf 81' lang='lat' dir='ltr'>agundis</span> <span class='ocrx_word' id='word_1_224' title='bbox 1477 2903 1649 2954; x_wconf 87' lang='lat' dir='ltr'>soluta</span> <span class='ocrx_word' id='word_1_225' title='bbox 1686 2919 1818 2970; x_wconf 90' lang='lat' dir='ltr'>esse,</span> <span class='ocrx_word' id='word_1_226' title='bbox 1876 2897 2192 2955; x_wconf 88' lang='lat' dir='ltr'>concludere</span> 
     </span>
     <span class='ocr_line' id='line_1_31' title="bbox 276 2998 2191 3066; baseline 0 -18"><span class='ocrx_word' id='word_1_227' title='bbox 276 3014 386 3049; x_wconf 91' lang='lat' dir='ltr'>non</span> <span class='ocrx_word' id='word_1_228' title='bbox 424 2998 562 3066; x_wconf 90' lang='lat' dir='ltr'>licet,</span> <span class='ocrx_word' id='word_1_229' title='bbox 619 3015 871 3066; x_wconf 84' lang='lat' dir='ltr'>magnam</span> <span class='ocrx_word' id='word_1_230' title='bbox 908 3002 1110 3066; x_wconf 85' lang='lat' dir='ltr'>partem</span> <span class='ocrx_word' id='word_1_231' title='bbox 1149 3015 1433 3050; x_wconf 87' lang='lat' dir='ltr'>causarum</span> <span class='ocrx_word' id='word_1_232' title='bbox 1469 2998 1813 3066; x_wconf 81' lang='lat' dir='ltr'>privatarum,</span> <span class='ocrx_word' id='word_1_233' title='bbox 1867 3012 2004 3064; x_wconf 90' lang='lat' dir='ltr'>quae</span> <span class='ocrx_word' id='word_1_234' title='bbox 2042 3000 2191 3048; x_wconf 86' lang='lat' dir='ltr'>erant</span> 
     </span>
     <span class='ocr_line' id='line_1_32' title="bbox 276 3091 2190 3160; baseline 0 -17"><span class='ocrx_word' id='word_1_235' title='bbox 276 3093 414 3144; x_wconf 89' lang='lat' dir='ltr'>inter</span> <span class='ocrx_word' id='word_1_236' title='bbox 460 3093 602 3144; x_wconf 87' lang='lat' dir='ltr'>cives</span> <span class='ocrx_word' id='word_1_237' title='bbox 649 3092 887 3159; x_wconf 87' lang='lat' dir='ltr'>ejusdem</span> <span class='ocrx_word' id='word_1_238' title='bbox 934 3092 1084 3144; x_wconf 89' lang='lat' dir='ltr'>urbis</span> <span class='ocrx_word' id='word_1_239' title='bbox 1136 3094 1325 3160; x_wconf 84' lang='lat' dir='ltr'>sociae,</span> <span class='ocrx_word' id='word_1_240' title='bbox 1366 3095 1554 3157; x_wconf 20' lang='lat' dir='ltr'>*actam</span> <span class='ocrx_word' id='word_1_241' title='bbox 1601 3107 1715 3143; x_wconf 92' lang='lat' dir='ltr'>esse</span> <span class='ocrx_word' id='word_1_242' title='bbox 1763 3091 2007 3159; x_wconf 81' lang='lat' dir='ltr'>Athenis,</span> <span class='ocrx_word' id='word_1_243' title='bbox 2064 3107 2190 3143; x_wconf 89' lang='lat' dir='ltr'>cum</span> 
     </span>
     <span class='ocr_line' id='line_1_33' title="bbox 276 3185 2191 3255; baseline 0.001 -19"><span class='ocrx_word' id='word_1_244' title='bbox 276 3185 531 3238; x_wconf 87' lang='lat' dir='ltr'>Boeckhii</span> <span class='ocrx_word' id='word_1_245' title='bbox 579 3187 866 3238; x_wconf 81' lang='lat' dir='ltr'>sententia:</span> <span class='ocrx_word' id='word_1_246' title='bbox 929 3190 1219 3255; x_wconf 85' lang='lat' dir='ltr'>„prytanea</span> <span class='ocrx_word' id='word_1_247' title='bbox 1265 3187 1323 3237; x_wconf 92' lang='lat' dir='ltr'>in</span> <span class='ocrx_word' id='word_1_248' title='bbox 1372 3186 1547 3237; x_wconf 89' lang='lat' dir='ltr'>causis</span> <span class='ocrx_word' id='word_1_249' title='bbox 1594 3186 1815 3254; x_wconf 81' lang='lat' dir='ltr'>privatis</span> <span class='ocrx_word' id='word_1_250' title='bbox 1854 3185 1978 3237; x_wconf 90' lang='lat' dir='ltr'>solis</span> <span class='ocrx_word' id='word_1_251' title='bbox 2018 3185 2191 3238; x_wconf 82' lang='lat' dir='ltr'>soluta</span> 
     </span>
     <span class='ocr_line' id='line_1_34' title="bbox 276 3280 2189 3349; baseline 0 -17"><span class='ocrx_word' id='word_1_252' title='bbox 276 3281 445 3349; x_wconf 77' lang='lat' dir='ltr'>esse“,</span> <span class='ocrx_word' id='word_1_253' title='bbox 485 3281 690 3333; x_wconf 85' lang='lat' dir='ltr'>admitti</span> <span class='ocrx_word' id='word_1_254' title='bbox 727 3296 837 3331; x_wconf 91' lang='lat' dir='ltr'>non</span> <span class='ocrx_word' id='word_1_255' title='bbox 875 3281 1057 3348; x_wconf 87' lang='lat' dir='ltr'>possit,</span> <span class='ocrx_word' id='word_1_256' title='bbox 1096 3282 1258 3333; x_wconf 88' lang='lat' dir='ltr'>immo</span> <span class='ocrx_word' id='word_1_257' title='bbox 1298 3296 1421 3332; x_wconf 78' lang='lat' dir='ltr'>vero</span> <span class='ocrx_word' id='word_1_258' title='bbox 1460 3283 1717 3348; x_wconf 84' lang='lat' dir='ltr'>prytanea</span> <span class='ocrx_word' id='word_1_259' title='bbox 1746 3280 1900 3331; x_wconf 86' lang='lat' dir='ltr'>etiam</span> <span class='ocrx_word' id='word_1_260' title='bbox 1932 3280 1990 3331; x_wconf 90' lang='lat' dir='ltr'>in</span> <span class='ocrx_word' id='word_1_261' title='bbox 2012 3281 2189 3332; x_wconf 85' lang='lat' dir='ltr'>causis</span> 
     </span>
     <span class='ocr_line' id='line_1_35' title="bbox 275 3374 2189 3444; baseline -0.001 -17"><span class='ocrx_word' id='word_1_262' title='bbox 275 3374 504 3444; x_wconf 89' lang='lat' dir='ltr'>publicis</span> <span class='ocrx_word' id='word_1_263' title='bbox 543 3375 715 3427; x_wconf 88' lang='lat' dir='ltr'>soluta</span> <span class='ocrx_word' id='word_1_264' title='bbox 752 3391 867 3427; x_wconf 89' lang='lat' dir='ltr'>esse</span> <span class='ocrx_word' id='word_1_265' title='bbox 906 3376 1032 3426; x_wconf 88' lang='lat' dir='ltr'>satis</span> <span class='ocrx_word' id='word_1_266' title='bbox 1072 3375 1357 3427; x_wconf 77' lang='lat' dir='ltr'>verisimile</span> <span class='ocrx_word' id='word_1_267' title='bbox 1396 3375 1476 3426; x_wconf 89' lang='lat' dir='ltr'>sit.</span> <span class='ocrx_word' id='word_1_268' title='bbox 1555 3374 1793 3426; x_wconf 88' lang='lat' dir='ltr'>Aliunde</span> <span class='ocrx_word' id='word_1_269' title='bbox 1832 3378 2011 3427; x_wconf 88' lang='lat' dir='ltr'>autem</span> <span class='ocrx_word' id='word_1_270' title='bbox 2043 3374 2189 3426; x_wconf 89' lang='lat' dir='ltr'>colli-</span> 
     </span>
     <span class='ocr_line' id='line_1_36' title="bbox 273 3470 2189 3538; baseline -0.001 -17"><span class='ocrx_word' id='word_1_271' title='bbox 273 3470 510 3537; x_wconf 90' lang='lat' dir='ltr'>gendum</span> <span class='ocrx_word' id='word_1_272' title='bbox 568 3473 675 3538; x_wconf 89' lang='lat' dir='ltr'>est,</span> <span class='ocrx_word' id='word_1_273' title='bbox 732 3486 982 3537; x_wconf 88' lang='lat' dir='ltr'>magnam</span> <span class='ocrx_word' id='word_1_274' title='bbox 1038 3473 1241 3537; x_wconf 81' lang='lat' dir='ltr'>partem</span> <span class='ocrx_word' id='word_1_275' title='bbox 1298 3485 1581 3521; x_wconf 80' lang='lat' dir='ltr'>causarum</span> <span class='ocrx_word' id='word_1_276' title='bbox 1637 3470 1991 3536; x_wconf 80' lang='lat' dir='ltr'>privatarum,</span> <span class='ocrx_word' id='word_1_277' title='bbox 2051 3484 2189 3537; x_wconf 88' lang='lat' dir='ltr'>quae</span> 
     </span>
     <span class='ocr_line' id='line_1_37' title="bbox 272 3563 2188 3631; baseline 0 -18"><span class='ocrx_word' id='word_1_278' title='bbox 272 3564 411 3616; x_wconf 89' lang='lat' dir='ltr'>inter</span> <span class='ocrx_word' id='word_1_279' title='bbox 430 3565 572 3616; x_wconf 78' lang='lat' dir='ltr'>cives</span> <span class='ocrx_word' id='word_1_280' title='bbox 593 3564 831 3631; x_wconf 88' lang='lat' dir='ltr'>ejusdem</span> <span class='ocrx_word' id='word_1_281' title='bbox 852 3563 999 3615; x_wconf 88' lang='lat' dir='ltr'>urbis</span> <span class='ocrx_word' id='word_1_282' title='bbox 1022 3565 1192 3615; x_wconf 87' lang='lat' dir='ltr'>sociae</span> <span class='ocrx_word' id='word_1_283' title='bbox 1213 3567 1378 3630; x_wconf 88' lang='lat' dir='ltr'>erant,</span> <span class='ocrx_word' id='word_1_284' title='bbox 1407 3578 1599 3631; x_wconf 89' lang='lat' dir='ltr'>nempe</span> <span class='ocrx_word' id='word_1_285' title='bbox 1632 3579 1725 3613; x_wconf 90' lang='lat' dir='ltr'>om</span> <span class='ocrx_word' id='word_1_286' title='bbox 1739 3579 1853 3614; x_wconf 91' lang='lat' dir='ltr'>nes</span> <span class='ocrx_word' id='word_1_287' title='bbox 1883 3563 2104 3614; x_wconf 87' lang='lat' dir='ltr'>action</span> <span class='ocrx_word' id='word_1_288' title='bbox 2119 3578 2148 3614; x_wconf 92' lang='lat' dir='ltr'>e</span> <span class='ocrx_word' id='word_1_289' title='bbox 2163 3578 2188 3614; x_wconf 93' lang='grc'><strong>3</strong></span> 
     </span>
    </p>
   </div>
  </div>
 </body>
</html>
