2320 3822
265 21 339 76 40

267 167 669 236 Nachstellung,
708 165 1026 237 βουλεύσεως,
1065 166 1262 219 falsche
1282 166 1714 236 Ausstreichung
1741 185 1838 221 aus
1859 168 1961 220 den
1982 168 2178 221 Staats-

269 263 591 315 schuldnern
622 259 919 332 (ἀγραφίου),
957 261 1243 313 Ehebruch
1273 259 1548 333 (μοιχείας).
1627 260 1756 314 Ι)103
1783 262 1853 314 ist
1883 263 2032 315 nicht
2059 263 2179 316 eine

268 357 619 425 vollstandige
666 356 1014 425 Aufzahlung
1072 356 1164 408 der
1215 356 1553 409 offentlichen
1591 355 1824 425 Klagen3
1877 356 1961 409 die
1999 357 2179 426 ausge-

268 452 478 503 zahlten
519 451 771 502 scheinen
809 467 915 501 nur
953 450 1030 502 als
1060 449 1325 520 Beispiele
1364 450 1660 520 angefiihrt,
1699 449 1814 501 und
1849 450 2015 503 kaum
2048 451 2181 505 lfisst

269 547 381 598 sich
420 545 647 612 denken,
688 545 808 596 dass
847 544 932 596 bei
972 545 1074 596 den
1114 544 1341 614 iibrigen
1378 561 1473 596 vor
1512 545 1615 596 den
1645 543 2049 598 Thesmotheten
2086 563 2181 598 an-

269 640 590 709 gebrachten
639 638 1023 707 Schriftklagen
1085 636 1304 710 (γραφαί)
1371 639 1486 690 und
1543 638 1681 691 allen
1738 640 1940 692 andern
1996 640 2182 694 offent-

266 735 443 786 lichen
481 733 689 802 Klagen
730 733 812 785 die
850 731 1150 803 παράστασις
1187 733 1342 800 nicht,
1375 733 1522 786 sollte
1561 733 1723 802 orlegt
1758 735 1972 787 worden
2013 736 2178 788 sein.“

270 828 373 881 Sed
410 844 600 897 parum
637 831 779 880 recte
818 844 886 879 ex
917 827 1217 880 Aristotelis
1254 827 1431 880 verbis
1469 826 1772 880 Boeckhius
1809 828 1866 880 id
1904 829 2182 898 conclusit,

267 924 433 974 immo
471 939 595 975 vero
635 953 704 958 —
746 922 890 990 quod
930 923 1042 990 jam
1080 921 1484 974 Schoemannus
1529 938 1641 974 non
1689 923 1804 975 sine
1853 922 2183 978 dubitatione

270 1018 406 1069 dixit
453 1017 578 1085 (Att.
629 1016 780 1068 Proc.
830 1017 953 1084 (315)
1012 1049 1081 1053 —
1139 1033 1207 1069 eX
1263 1016 1440 1069 verbis
1497 1013 1711 1087 ,,γραφαὶ
1767 1012 1829 1068 ὧν
1885 1016 2183 1088 παράστασις

268 1109 485 1163 τίθεταιόί
535 1111 894 1180 colligendum
946 1116 1042 1179 est,
1079 1111 1420 1164 Aristotelem
1469 1110 1659 1182 γραφὰς
1706 1111 1840 1180 illas,
1885 1113 1945 1170 in
1986 1112 2184 1182 quibus

269 1204 569 1276 παράστασις
591 1206 911 1274 solvebatur,
952 1222 1216 1275 opponere
1245 1206 1480 1259 voluisse
1507 1206 1715 1277 γραφαῖς
1735 1206 1858 1275 11113,
1895 1208 1956 1259 111
1985 1207 2184 1276 quibus

269 1289 568 1372 παράστασις
624 1317 734 1352 11011
793 1300 1107 1360 solvebatur.
1207 1300 1563 1363 Quamobrem
1620 1317 1689 1352 ex
1744 1301 1828 1354 his
1885 1301 2184 1356 Aristotelis

226 1464 234 1471 ί
270 1395 446 1448 verbis
483 1412 594 1447 non
631 1396 704 1462 id,
755 1396 898 1463 quod
950 1395 1253 1448 Boeckhius
1291 1395 1426 1463 vult,
1475 1397 1770 1464 parastasin
1810 1413 1926 1450 esse
1962 1413 2185 1467 pensam

269 1491 327 1541 in
385 1489 636 1542 omnibus
688 1491 864 1542 causis
914 1490 1162 1560 publicis,
1223 1490 1316 1543 sed
1365 1506 1393 1542 e
1445 1491 1705 1542 contrario
1755 1491 2187 1544 concludendum

272 1588 367 1651 est,
405 1584 699 1653 parastasin
737 1601 865 1635 non
902 1586 969 1636 in
1009 1584 1312 1637 omnibus
1351 1586 1575 1637 causis
1621 1585 1919 1654 publicis
1959 1586 2185 1639 solutam

272 1695 401 1731 esse.
481 1678 617 1731 Cum
655 1680 820 1747 igitur
858 1683 909 1731 et
927 1679 1230 1732 Aristotelis
1267 1679 1428 1732 verba
1465 1680 1706 1732 indicent
1741 1682 2038 1749 parastasin
2075 1697 2187 1733 non

271 1775 329 1825 in
368 1756 618 1825 omnibus
672 1775 847 1825 causis
894 1774 1124 1843 publicis
1176 1774 1405 1828 solutam
1455 1790 1570 1827 esse
1619 1791 1797 1844 neque
1835 1779 2092 1844 prytanea
2127 1776 2187 1827 in

273 1869 397 1920 solis
437 1869 612 1920 causis
650 1859 871 1937 privatis
918 1870 1084 1938 pensa
1134 1885 1249 1922 esse
1300 1869 1648 1922 demonstrari
1685 1871 1869 1938 possit,
1916 1869 2052 1922 nihil
2088 1870 2189 1922 im-

272 1963 433 2031 pedit,
475 1964 764 2031 quominus
803 1967 1059 2032 prytanea
1097 1965 1256 2016 etiam
1286 1965 1365 2015 111,
1386 1964 1712 2033 quibusdam
1742 1965 1920 2017 causis
1957 1963 2188 2034 publicis

275 2057 447 2109 soluta
485 2074 600 2110 esse
638 2058 967 2123 arbitremur,

417 2153 606 2223 Itaque
664 2171 787 2205 cum
843 2170 936 2223 pro
996 2153 1266 2222 explorato
1323 2170 1432 2205 non
1497 2153 1808 2221 habeamuS,
1876 2153 2075 2223 quibus
2130 2155 2189 2206 in

275 2249 452 2300 causis
503 2250 657 2301 certis
710 2249 882 2301 soluta
930 2250 1037 2300 sint
1073 2252 1348 2318 prytanea,
1401 2249 1493 2301 sed
1530 2249 1630 2300 hoc
1667 2252 1878 2300 tantum
1915 2265 2008 2317 pro
2048 2252 2188 2301 certo

276 2342 534 2395 affirmare
572 2345 858 2412 possinmS,
897 2347 1155 2413 prytanea
1191 2360 1302 2395 non
1341 2343 1515 2395 solum
1553 2359 1669 2395 esse
1704 2342 1879 2395 soluta
1915 2343 1973 2394 in
2013 2343 2189 2396 causis

276 2438 513 2505 privatiS,
555 2437 647 2489 sed
684 2438 843 2490 etiam
879 2439 938 2488 in
977 2439 1154 2491 causis
1191 2438 1439 2507 publicis,
1472 2438 1582 2505 jam
1621 2441 1851 2506 apparet,
1891 2453 1958 2490 ex
1988 2437 2088 2490 hac
2113 2454 2188 2506 re,

280 2531 423 2599 quod
488 2531 1059 2602 Pseudoxenophontis
1123 2533 1257 2584 loco¹
1303 2535 1561 2601 prytanea
1625 2535 2118 2604 commemorantur,
2158 2550 2190 2585 a

279 2627 436 2678 sociis
475 2627 531 2677 in
572 2629 748 2680 causis
787 2644 902 2680 esse
942 2628 1130 2695 soluta,
1171 2626 1420 2680 concludi
1454 2643 1566 2678 non
1603 2643 1775 2695 posse,
1828 2643 1962 2694 quas
1999 2643 2188 2681 causas

278 2722 406 2772 socii
445 2739 597 2791 agere
637 2721 917 2774 debuerint
953 2723 1196 2776 Athenis.
1258 2721 1404 2784 Quas
1434 2738 1622 2774 causas
1663 2721 1791 2773 socii
1830 2721 2011 2790 oppidi
2045 2722 2188 2776 cives

276 2817 481 2884 egerint
554 2817 683 2869 alter
748 2818 1004 2870 adversus
1071 2818 1295 2870 alterum
1350 2833 1459 2868 non
1516 2816 1761 2883 Athenis,
1830 2815 1922 2868 sed
1976 2817 2034 2868 in
2090 2833 2188 2870 suo
2236 2873 2238 2875 ,

215 2945 217 2947 -
279 2911 518 2979 ipsorum
557 2911 687 2979 forO,
727 2912 942 2964 aliunde
981 2912 1135 2965 nobis
1173 2913 1311 2965 infra
1349 2912 1446 2964 erit
1481 2910 1831 2980 probandum.

421 3005 609 3074 Usque
661 3007 727 3058 ad
776 3007 875 3058 hoc
922 3010 1133 3076 tempus
1183 3008 1285 3058 viri
1334 3007 1473 3058 docti
1524 3021 1708 3057 omnes
1759 3021 1883 3057 cum
1919 3002 2188 3058 Boeckhio

279 3104 680 3167 consenserunt,
720 3102 888 3152 socios
927 3101 1139 3168 majoris
1175 3102 1432 3153 momenti
1471 3116 1677 3167 causaS,
1718 3114 1855 3168 quae
1885 3102 2035 3151 erant
2050 3099 2190 3152 inter
2256 3146 2259 3149 .

279 3196 421 3248 cives
470 3195 708 3263 ejusdem
760 3195 909 3247 urbis
961 3196 1151 3263 sociae,
1208 3211 1363 3264 agere
1401 3194 1650 3248 debuisse
1691 3193 1914 3247 Athenis
1935 3193 1997 3261 ²⁸).
2072 3192 2188 3246 Nu-

396 3346 439 3404 ²⁴‘)
472 3346 534 3390 st.
566 3346 603 3401 I,
636 3308 736 3393 531.ι
796 3344 921 3388 Weit
950 3343 1187 3400 wichtiger
1226 3345 1298 3387 fi'u·
1338 3343 1410 3388 die
1451 3358 1506 3388 an
1536 3343 1735 3388 Freiheit
1779 3344 2040 3400 gewohnten
2078 3342 2187 3387 Hel-

275 3418 405 3462 lenen
437 3419 540 3463 sind
571 3419 644 3462 die
676 3417 965 3462 offentliohen
996 3417 1088 3460 und
1119 3416 1374 3472 peinlichen
1406 3416 1602 3471 Sachen3
1634 3416 1757 3460 diese
1787 3415 2023 3460 entschied
2038 3415 2187 3460 Athen

276 3491 445 3548 gewiss*
468 3490 801 3549 grossentheils.
