2320 3822
1988 63 2057 117 75

151 208 292 271 δίκας
338 209 434 264 ἀπὸ
486 210 739 282 συμβόλων
787 227 939 280 agere
986 210 1192 278 licebat,
1255 211 1452 280 quippe
1513 226 1650 278 quae
1701 211 1880 261 essent
1927 205 2057 259 δίκαι

156 303 463 376 συμβολαίων
503 306 752 373 (actiones
792 306 1192 372 contractuum).
1283 304 1506 357 Restant
1550 303 1714 371 igitur
1763 300 1894 354 δίκαι
1931 301 2056 354 κατοί

154 418 291 463 τινος,
332 417 469 468 quae
506 416 706 466 omnes,
745 401 980 467 exceptis
1013 397 1166 457 δίκαις
1199 395 1495 450 ἀποστασίου
1528 401 1580 449 01
1611 398 1882 466 ἐπιτροπῆς,
1920 398 2058 448 inter

153 493 507 546 Athenienses
545 497 595 546 et
633 494 802 544 socios
840 493 962 544 oriri
999 496 1252 561 poterant.
1328 492 1517 561 Itaque
1559 491 1922 559 quaerendum
1959 493 2054 556 est,

154 589 337 638 utrum
387 588 544 638 etiam
592 586 713 637 illae
764 588 996 639 actiones
1045 603 1236 655 genere
1286 589 1426 638 δικῶν
1473 584 1570 637 ἀπὸ
1610 583 1864 654 συμβόλων
1915 600 2055 635 00111-

152 681 439 749 prehensae
488 681 686 732 fuerint
735 697 920 747 necne,
972 681 1004 730 i.
1057 697 1099 732 e.
1154 685 1335 732 utrum
1382 680 1736 732 Athenienses
1783 679 1941 731 etiam
1992 678 2056 730 de

152 774 235 825 his
275 775 449 826 causis
489 775 716 842 agundis
769 775 976 826 foedera
1014 791 1139 826 011111
1177 776 1333 826 300113
1370 775 1589 827 fecerint
1626 777 1677 826 et
1716 790 1902 824 causas
1939 772 2056 823 illas

153 883 221 919 ex
259 869 425 936 pactis
465 866 578 935 (ἀπὸ
619 867 890 938 συμβόλων)
931 870 1145 937 egerint.
1220 868 1337 931 Qua
1376 868 1438 920 de
1475 885 1531 920 re
1570 885 1694 920 cum
1731 867 1862 919 nihil
1902 866 2056 918 nobis

153 962 220 1013 sit
257 962 509 1014 traditum
548 979 722 1031 neque
762 962 826 1014 ob
859 964 997 1015 hanc
1036 980 1250 1015 causam
1285 963 1542 1015 affirmare
1579 963 1733 1015 liceat
1767 962 2055 1031 quicquam

0 1121 3 1136 ι
152 1057 296 1123 certi,
335 1057 401 1108 ad
439 1058 766 1124 conjecturas
804 1057 957 1108 nobis
994 1057 1366 1125 refugiendum
1405 1060 1496 1108 est.
1807 1041 1812 1044 ’

0 1148 6 1216 ’ξ
106 1219 107 1222 ¹
296 1149 432 1202 Cum
477 1152 587 1218 jam
633 1151 802 1218 primo
853 1152 1115 1203 societatis
1167 1152 1422 1203 decennio
1469 1167 1726 1219 magnum
1763 1150 2055 1202 Athenien-

154 1243 303 1296 sibus
341 1261 465 1296 cum
504 1246 659 1296 sociis
697 1246 1041 1297 intercederet
1073 1246 1465 1312 commercium,
1503 1248 1694 1296 natura
1728 1245 1805 1296 rei
1842 1260 2055 1312 poscere

149 1338 445 1406 videbatur,
502 1343 562 1390 ut
618 1355 826 1405 causae,
898 1357 1033 1407 quae
1092 1339 1396 1392 oriebantur
1450 1339 1772 1406 frequentes,
1831 1338 1874 1388 si
1934 1338 2055 1405 quis

151 1430 322 1482 officio
361 1447 430 1484 ex
469 1437 742 1485 contractu
782 1434 1031 1500 defuerat,
1072 1435 1227 1486 etiam
1267 1435 1323 1485 in
1362 1435 1428 1485 iis
1468 1432 1790 1499 civitatibus,
1839 1433 1896 1482 in
1938 1432 2055 1499 qui-

150 1524 253 1577 bus
306 1530 620 1589 contractus¹
657 1532 766 1580 erat
813 1528 1001 1596 factUS,
1050 1529 1328 1596 dijudicari
1378 1531 1610 1596 possent,
1662 1527 1804 1594 quod
1854 1527 1952 1577 hac
1997 1542 2054 1578 re

151 1621 526 1672 commercium
584 1638 707 1673 011111
777 1623 1007 1674 maxime
1075 1623 1380 1691 augebatur.
1481 1620 1835 1682 Quamobrem
1891 1620 2055 1673 Athe-

149 1714 364 1766 nienses
398 1695 535 1766 'cum
587 1717 742 1767 sociis
789 1717 999 1769 foedera
1044 1717 1307 1768 faciebant
1357 1717 1420 1768 de
1471 1716 1646 1767 causis
1686 1718 2052 1766 contractuum

151 1808 262 1859 sive
311 1810 644 1877 negotiorum
695 1811 937 1878 agundis.
1026 1811 1127 1863 Sed
1167 1811 1314 1862 nulla
1352 1814 1460 1862 erat
1498 1826 1675 1876 causa,
1717 1824 1852 1876 quae
1890 1808 2054 1861 Athe-

148 1901 362 1954 nienses
414 1904 762 1971 compelleret,
813 1909 870 1956 111
918 1906 1076 1956 etiam
1128 1905 1191 1957 de
1243 1906 1418 1956 causis
1469 1902 1593 1955 κατοί
1632 1922 1754 1961 τινος
1807 1903 2052 1971 agundiS,

150 2012 287 2063 quae
336 2002 484 2049 erant
532 1999 669 2050 inter
715 2000 858 2067 ipsos
909 2003 960 2050 et
1010 2000 1197 2065 300103,
1247 2003 1400 2067 pacta
1450 2015 1574 2050 cum
1628 1999 1784 2049 sociis
1821 1997 2054 2050 facerent

148 2090 318 2157 primo
377 2093 640 2144 societatis
698 2094 971 2160 (1000111110,
1042 2109 1165 2144 011111
1221 2110 1330 2144 11011
1388 2094 1461 2144 ita
1515 2093 1821 2160 frequentes
1878 2096 2054 2145 essent

148 2199 340 2236 causae
376 2185 513 2252 illae,
553 2190 614 2237 ut
650 2186 1063 2239 Atheniensium
1102 2187 1332 2238 multum
1370 2168 1661 2253 interesset,
1713 2190 1895 2238 utrum
1936 2185 2052 2256 σύμ-

148 2277 271 2347 βολα
310 2278 374 2331 de
412 2281 674 2347 ejusmodi
714 2282 887 2333 causis
926 2282 1154 2349 agundis
1192 2282 1378 2334 fierent
1416 2297 1598 2333 necne.
1698 2279 2052 2341 Quamobrem

147 2373 433 2425 verisimile
471 2378 566 2441 est,
603 2376 661 2426 in
701 2377 876 2427 causis
913 2376 1018 2427 illis
1048 2375 1276 2444 agundis
1306 2376 1473 2444 primo
1504 2376 1766 2427 societatis
1796 2376 2051 2427 decennio

146 2465 378 2518 valuisse
434 2468 578 2520 illam
642 2469 830 2537 legem,
899 2487 1061 2538 quam
1117 2470 1457 2538 Hegesippus
1513 2469 1935 2522 Atheniensibus
2002 2475 2053 2523 et

147 2558 530 2613 Macedonibus
579 2563 745 2615 fuisse
797 2564 940 2631 dicit,
991 2563 1141 2617 Dem.
1182 2565 1309 2633 VII,
1351 2565 1442 2618 13:
1495 2562 1666 2633 ,,ἡμεῖς
1703 2583 1756 2615 τε
1806 2564 1902 2623 τοῖς
1950 2566 2055 2617 ἐκεῖ

146 2651 376 2722 νόμίμοις,
426 2655 600 2707 ἐκεῖνοι
638 2676 689 2707 τε
728 2658 821 2716 τοῖς
860 2656 976 2728 παρ’
1013 2657 1127 2728 ἡμῖν
1177 2658 1261 2717 τὰς
1313 2656 1448 2716 δίκας
1497 2656 1814 2727 ἐλάμβανον.“
1900 2658 2051 2712 Post-

148 2764 311 2815 quam
361 2752 538 2801 autem
591 2752 718 2802 socii
769 2754 1074 2804 autonomia
1123 2754 1314 2821 privati
1365 2755 1492 2804 sunt
1541 2757 1592 2804 et
1649 2769 1854 2818 causaS,
1914 2770 2050 2821 quae

146 2844 293 2892 erant
340 2843 479 2894 inter
528 2844 669 2895 cives
720 2845 957 2911 ejusdem
997 2847 1242 2913 civitatiS,
1280 2846 1505 2898 Athenis
1554 2863 1707 2915 agere
1746 2852 2049 2915 coeperunt,

146 2936 429 2988 verisimile
477 2940 572 3004 est,
620 2938 975 2991 Athenienses
1006 2940 1248 3006 jussisse,
1296 2941 1453 2991 etiam
1501 2956 1690 2992 causas
1736 2939 1862 2993 κατοί
1911 2960 2047 3004 τινος,

148 3045 284 3096 quae
340 3034 489 3082 erant
536 3032 674 3083 inter
724 3033 867 3100 ipsos
919 3036 970 3084 et
1020 3035 1206 3100 300103,
1262 3034 1455 3085 instrui
1503 3033 1754 3098 Athenis3
1815 3036 2049 3088 actiones

0 3126 13 3198 {a
143 3123 492 3191 negotiorum,
542 3141 664 3175 cum
709 3126 819 3192 jam
866 3130 1020 3178 antea
1067 3127 1130 3179 de
1167 3128 1235 3180 iis
1265 3121 1501 3197 ¹agundis
1538 3128 1747 3180 foedera
1783 3129 2048 3196 fecissent,

0 3203 9 3306 ξ’
144 3216 327 3268 eodem
365 3217 537 3285 modo,
578 3223 736 3287 atque
776 3224 945 3287 antea,
985 3225 1036 3273 et
1071 3221 1298 3274 Athenis
1336 3226 1387 3274 et
1423 3223 1481 3273 in
1520 3223 1783 3274 sociorum
1822 3222 2048 3275 urbibus

0 3309 10 3385 ᾗ
142 3310 556 3363 instruebantur.

11 3404 13 3406 ’
163 3463 181 3465 ..
289 3403 640 3466 Quamobrem
698 3423 845 3458 cum·
875 3407 994 3474 1001,
1053 3408 1251 3476 quibus
1309 3410 1373 3462 de
1430 3407 1584 3468 δίκαις
1641 3407 1739 3478 ἀπὸ
1791 3409 2048 3479 συμβόλων,

144 3497 334 3565 agitur,
384 3514 482 3551 nos
521 3499 756 3567 doceant,
808 3498 942 3560 δίκας
982 3499 1078 3553 ἀπὸ
1119 3501 1372 3573 συμβόλων
1410 3503 1576 3556 fuisse
1615 3504 1847 3557 actiones
1883 3519 2045 3574 nego-
