2320 3822
315 40 387 93 22

460 184 738 247 Videmus5
798 182 1156 235 Athenienses
1213 186 1264 234 et
1320 184 1584 250 statuisse,
1657 184 1922 251 quomodo
1973 189 2227 253 senatum,

317 295 480 348 penes
512 295 673 347 quem
703 294 914 329 summa
943 281 1052 329 erat
1083 278 1140 329 in
1172 293 1230 329 re
1262 276 1477 346 publica
1514 281 1761 346 potestaS,
1801 279 2227 347 constitueretur,

319 377 370 425 et
415 373 720 442 imperasse,
773 376 834 423 ut
887 363 1102 423 senatus
1151 371 1500 440 obstringeret
1547 388 1602 424 se
1646 373 1766 439 jure
1815 373 2062 441 jurandO,
2114 390 2229 426 sese

317 484 495 536 neque
535 467 831 520 defecturos
871 466 935 518 ab
957 465 1380 518 Atheniensibus
1400 465 1925 535 Atheniensiumque
1964 469 2228 536 societate,

319 577 496 630 neque
536 562 832 630 quidquam
870 560 1145 612 molituros
1185 563 1366 612 contra
1385 559 1799 627 Erythraeorum
1831 562 1916 614 vel
1935 561 2229 616 Athenien-

319 657 460 708 sium
510 655 733 724 plebem.
833 654 982 707 Certe
1028 656 1086 706 in.
1136 656 1203 707 iis
1256 655 1464 723 oppidis
1512 656 1654 723 solis,
1710 657 1768 706 in
1828 656 2026 724 quibus
2077 661 2231 710 antea

317 755 548 820 potestas
598 751 770 802 fuerat
815 766 979 818 penes
1027 751 1323 817 optimateS,
1375 750 1733 802 Athenienses
1783 751 1888 818 ipsi
1937 751 2037 803 hoc
2073 752 2231 804 modo

317 862 429 897 rem
468 844 737 914 publicam
776 843 1170 895 constituebant
1191 843 1255 911 ³⁸<),
1293 843 1502 912 plebem
1538 845 1638 895 rati
1677 844 1921 896 nondum
1959 862 2075 898 esse
2102 846 2233 898 vali-

321 941 460 1007 dam,
492 955 628 1008 quae
657 939 806 990 nullo
837 938 1124 1006 adjuvante
1156 939 1441 1006 imperium
1474 941 1658 989 contra
1691 939 1968 1007 optimates
1998 939 2234 994 obtinere

319 1039 509 1104 posset.
1145 1083 1154 1090 ,

465 1128 535 1180 ΙΙ.
595 1127 776 1197 Longe
824 1128 926 1179 alia
976 1130 1085 1179 erat
1131 1125 1388 1177 libertatis
1439 1126 1678 1178 condicio
1719 1128 1997 1181 civitatum
2034 1146 2234 1199 earum,

320 1225 379 1275 in
433 1223 632 1292 quibus
677 1225 787 1291 jam
837 1223 930 1274 diu
979 1221 1266 1274 dominatio
1318 1219 1488 1287 plebis
1525 1221 1752 1290 valebat,
1810 1227 1903 1275 aut
1938 1223 2035 1276 ubi
2071 1225 2235 1278 Athe-

319 1319 534 1370 nienses
593 1319 718 1370 satis
764 1317 967 1369 roboris
1021 1316 1087 1367 ad
1134 1315 1420 1383 imperium
1468 1315 1820 1369 obtinendum
1869 1317 2012 1387 plebi
2059 1320 2236 1374 inesse

324 1413 611 1465 duxerunt.
688 1411 905 1463 Licebat
924 1412 981 1462 in
1004 1410 1265 1479 ejusmodi
1286 1409 1494 1478 oppidis
1516 1409 1743 1478 civibUS,
1785 1413 2235 1480 quemadmodum

321 1509 424 1576 ipsi
481 1507 694 1575 vellent,
750 1523 861 1558 rem
917 1505 1189 1575 publicam
1240 1505 1578 1572 constituere,
1634 1521 1812 1574 neque
1862 1506 2236 1578 AthenienseS,

325 1602 588 1670 quomodo
641 1606 777 1654 esset
828 1600 1217 1667 constituenda,
1275 1599 1743 1668 praescripserunt.
1821 1601 1941 1654 Hoc
1992 1606 2044 1655 et
2081 1605 2236 1656 certis

322 1696 618 1748 rationibus
658 1700 708 1748 et
746 1696 1003 1765 exemplis
1042 1698 1214 1764 potest
1249 1693 1474 1763 probari.
1552 1693 1796 1748 Primum
1834 1699 1979 1749 enim
2017 1699 2237 1766 scinmS,

323 1790 531 1860 plebem
586 1792 645 1842 in
703 1790 1008 1842 civita-tibus
1067 1806 1273 1858 semper
1310 1789 1727 1843 Atheniensium
1772 1792 1939 1844 fuisse
1975 1794 2234 1861 partium:

323 1885 482 1937 Thuc.
524 1885 625 1952 III,
663 1886 752 1953 47,
791 1887 852 1938 2:
913 1905 1023 1948 ,,νον
1082 1883 1167 1954 μὲν
1226 1884 1318 1955 γὰρ
1371 1882 1478 1954 ὑμῖν
1527 1882 1552 1936 ὁ
1605 1887 1756 1955 δῆμος
1808 1888 1858 1938 ἐν
1908 1885 2086 1946 πάσαις
2135 1887 2238 1947 ταῖς

324 1979 518 2032 πόλεσιν
576 1975 739 2039 εὔνους
797 1977 896 2031 ἐστὶ
952 1977 1034 2031 καὶ
1091 1976 1123 2048 ἤ
1180 1977 1237 2031 οὐ
1296 1976 1639 2049 ξυναφίσταται
1688 1981 1784 2040 τοῖς
1835 1979 2013 2051 ὀλίγοις
2069 1978 2101 2052 ἢ
2152 1981 2238 2034 ἐὰν

325 2078 523 2146 βιασθῇ,
583 2074 793 2146 ὑπάρχει
850 2074 944 2133 τοῖς
993 2072 1298 2143 ἀποστήσασι
1334 2074 1564 2144 πολέμιος
1605 2073 1765 2139 εὐθύς,
1805 2073 1887 2128 καὶ
1924 2081 2011 2147 τῆς
2047 2074 2240 2129 ἀντικα-

326 2170 618 2241 θισταμένης
668 2168 858 2228 πόλεως
908 2169 960 2221 τὸ
1013 2170 1201 2238 πλῆθος
1241 2166 1492 2240 ξύμμαχον
1532 2167 1724 2240 ἔχοντες
1764 2172 1813 2230 ἐς
1851 2170 2064 2241 πόλεμον
2102 2171 2240 2242 ἐπέρ-

325 2267 536 2337 χεσθείίε
595 2281 773 2333 neque
814 2265 1102 2332 quisquam
1139 2263 1372 2333 negabit,
1410 2265 1469 2315 in
1506 2264 1690 2316 multis
1729 2265 1936 2334 oppidis
1975 2282 2239 2318 summam

326 2361 491 2412 fuisse
536 2363 846 2428 potestatem
895 2376 1059 2428 penes
1108 2358 1318 2428 plebem
1356 2374 1416 2410 eo
1455 2362 1720 2427 tempore,
1765 2376 1871 2428 quo
1911 2361 2041 2412 socii
2077 2360 2242 2413 Athe-

330 2454 609 2507 niensibus
667 2452 973 2506 obtulerunt
1034 2454 1393 2522 principatum
1450 2451 1761 2523 (ἡγεμονίαν).
1856 2453 1922 2504 In
1979 2455 2243 2521 ejusmodi

328 2551 493 2619 igitur
535 2547 772 2615 urbibus,
829 2551 1113 2616 postquam
1153 2549 1282 2600 socii
1319 2548 1511 2616 privati
1551 2552 1678 2600 sunt
1716 2549 2039 2616 autonomia,
2076 2549 2242 2602 Athe-

330 2645 544 2696 nienses
590 2659 699 2694 non
738 2643 1023 2694 verisimile
1062 2646 1141 2694 est
1177 2643 1401 2711 patriam
1439 2658 1623 2694 eorum
1658 2642 1982 2711 reipublicae
2018 2643 2242 2696 formam

328 2738 571 2805 violasse,
611 2722 735 2788 cuni
771 2737 870 2787 hac
906 2754 963 2789 re
1001 2740 1164 2788 totam
1200 2736 1410 2809 plebem
1448 2737 1564 2789 sine
1603 2736 1766 2789 dubio
1805 2756 1836 2789 a
1874 2755 1930 2791 se
1962 2739 2242 2792 alienaturi

330 2833 571 2885 fuissent.
653 2831 799 2893 Quae
837 2832 1166 2883 ratiocinatio
1214 2831 1556 2884 confirmatur
1593 2830 1846 2884 Brasidae
1883 2831 2060 2885 verbis
2098 2833 2245 2902 apud*

328 2926 489 2979 Thuc.
530 2926 629 2993 IV,
668 2927 755 2993 86,
792 2926 850 2977 4:
911 2924 998 2988 „06
1047 2926 1139 2996 γὰρ
1188 2923 1515 2986 ξυστασιάσων
1562 2922 1683 2995 ἥκω,
1743 2924 1841 2978 οὐδ’
1885 2923 1943 2979 ἂν
1984 2930 2119 2998 σαφῆ
2155 2926 2241 2997 τήν

330 3018 613 3090 ἐλευθερίαν
660 3017 841 3090 νομίζω
892 3019 1150 3090 ἐπιφέρειν,
1209 3019 1251 3071 εἰ
1301 3019 1354 3072 τὸ
1402 3019 1601 3090 πάτριον
1650 3019 1819 3092 παρεὶς
1868 3020 1923 3073 τὸ
1961 3020 2108 3073 πλέον
2144 3021 2242 3080 τοῖς

329 3113 507 3185 ὀλίγοις
564 3110 596 3183 ἢ
647 3114 699 3166 τὸ
759 3112 962 3166 ἐ’λασσον
1019 3114 1115 3173 τοῖς
1171 3118 1289 3166 πᾶσι
1346 3113 1697 3185 ὃούλώσαιμιίίε
1754 3115 1916 3168 Verba
1965 3116 2108 3168 enim
2155 3114 2239 3179 ,,τὸ

330 3208 558 3280 πάτριον“
590 3210 715 3261 satis
738 3209 1115 3276 demonstrant,
1147 3208 1522 3283 Athenienses,
1542 3210 1928 3262 Acanthiorum
1966 3241 2035 3246 —
2075 3210 2241 3262 socio·
2314 3246 2320 3251 --

333 3322 456 3357 rum
496 3302 735 3356 ὑποτελῶν
774 3335 842 3340 -—
884 3307 1080 3355 statum
1119 3303 1346 3355 civitatis
1382 3319 1492 3354 non
1530 3308 1782 3371 mutasse,
1826 3298 1926 3361 „sed
1962 3319 2090 3356 usos
2127 3318 2243 3356 esse

447 3434 487 3490 *)
520 3433 640 3477 sicut
669 3433 718 3476 in
749 3432 999 3477 Samiorum
1031 3432 1159 3476 tube:
1191 3432 1327 3476 Thuc.
1360 3432 1396 3487 I,
1432 3435 1537 3478 115:
1581 3429 1868 3495 ,πλεύσαντες
1911 3428 1985 3476 οὖν
2025 3428 2243 3491 Ἀθηναῖοι

331 3507 374 3556 ἐς
407 3503 554 3567 Σάμον
587 3507 709 3551 ναυσὶ
736 3503 1060 3567 τεσσαράκοντα
1091 3506 1387 3567 δημοκρατίαν
1419 3506 1733 3565 κατέστησαν’.“
