2320 3822
1929 67 1996 120 51

108 208 244 270 δίκας
290 210 385 264 ἀπὸ
433 209 680 282 ξυμβόλων
730 210 1074 262 demonstrari
1120 226 1229 261 non
1267 212 1449 277 potest.
1528 208 1672 270 Quas
1710 209 1775 260 ob
1814 226 2000 261 causas

109 305 232 358 talia
277 305 383 357 fere
430 309 550 356 ante
596 303 755 355 verba
801 300 912 366 ,,καὶ
951 300 1085 360 δίκας
1124 300 1220 353 ἀπὸ
1259 300 1537 371 ξυμβόλωνιι
1576 302 1835 354 excidisse
1872 303 2003 352 mihi

856 395 899 412 τ,

109 415 422 468 persuasum
488 401 589 449 est:
661 396 799 459 ,,τοῦς
855 417 881 447 ο
961 398 1008 455 ἐς
1065 395 1202 448 πόλιν
1258 392 1534 466 ξυμμαχίὸα
1590 394 2003 464 διοικιζομένουςίί.

109 491 288 545 Totius
326 495 503 543 autem
540 491 850 558 paragraphi
891 491 958 543 78
999 490 1300 542 distributio
1338 490 1467 541 haec
1506 493 1607 541 est:

369 612 411 664 εἰ
450 610 496 664 δ’
540 610 673 682 Αἴνῳ
710 612 992 683 χωροφιλεῖ,
1032 616 1171 664 τοῦτο
1210 613 1342 664 ποιεῖ

843 746 870 758 Ν

500 740 587 794 οὐκ
625 741 831 813 ἀποστερ
872 762 895 794 ν
932 762 988 812 γε
1025 745 1114 795 τῶν
1155 742 1221 801 εἰς
1258 742 1343 811 τήν
1380 741 1517 794 πόλιν
1557 741 1727 793 ἑαυτὸν
1759 740 1954 802 οὐδενὸς

547 913 590 932 ’s

510 915 613 968 ουο’
658 915 823 988 ἑτέρας
861 915 1052 975 πόλεως
1089 913 1285 985 πολίτης
1322 915 1637 986 γεγενημένος

463 871 484 1019 ΛΛΛΛ
467 711 481 843 w

977 1007 1135 1081 ὥσπερ
1175 1010 1364 1081 ἑτέρους
1403 1007 1502 1080 ὁρῶ

591 1105 699 1164 τοῦς
738 1103 822 1175 μὲν
863 1105 929 1164 εἰς
965 1104 1051 1174 τήν
1088 1099 1285 1175 ἤπειρον
1322 1102 1481 1163 ἰόντας

710 1196 791 1251 καὶ
830 1199 1075 1257 οἰκοῦντας
1114 1199 1163 1251 ἐν
1200 1199 1296 1257 τοῖς
1333 1195 1581 1267 πολεμίοις
1617 1198 1713 1256 τοῖς
1753 1196 2010 1269 ὑμετέροις,

513 1292 640 1360 [τοῦς
679 1291 733 1344 δὲ
772 1294 820 1351 ἐς
859 1291 995 1345 πόλιν
1035 1290 1314 1365 ξυμμαχίόα
1353 1290 1744 1361 ὃιοικιζομένους]

699 1384 801 1404 is!

637 1407 718 1438 και
757 1407 892 1445 οικας
932 1385 1027 1439 ἀπὸ
1068 1386 1315 1457 ξυμβόλων
1356 1385 1463 1457 ὑμῖν
1502 1385 1854 1456 δικαζομένους.

465 1289 487 1435 ΛΛΛΛ

255 1508 290 1560 J
293 1526 378 1562 am
414 1513 819 1578 perscrutemur,
860 1527 996 1578 quae
1034 1510 1192 1562 fuerit
1223 1527 1283 1562 eo
1316 1514 1565 1579 tempore,
1607 1527 1712 1580 quo
1743 1510 1904 1561 oratio
1936 1512 2014 1560 est

113 1600 306 1670 habita,
344 1592 787 1671 Mytilenaeorum
825 1605 1078 1657 condicio.
1137 1605 1389 1656 Habitam
1419 1621 1533 1657 esse
1572 1606 1859 1656 orationem
1898 1607 2014 1671 post

113 1696 556 1765 Mytilenaeorum
593 1698 940 1750 defectionem
979 1699 1168 1751 docent
1205 1699 1366 1751 verba
1404 1700 1434 1765 ξ
1464 1700 1530 1752 76
1568 1699 1711 1750 init:
1754 1695 1889 1769 ,,πρὶν
1929 1696 2013 1767 μὲν

112 1791 205 1863 γὰρ
254 1791 339 1862 την
390 1790 652 1845 ἀπόστασιν
701 1796 792 1843 τῶν
844 1790 1186 1861 Μυτιληναίων
1236 1793 1476 1862 γενέσθαι,
1530 1791 1656 1863 ἔργῳ
1703 1793 1787 1862 τὴν
1827 1788 2014 1844 εὔνοιαν

113 1883 327 1940 ἐδείκνυε
362 1885 448 1955 τήν
496 1886 563 1945 εἰς
615 1884 759 1956 ὑμᾶς·
810 1886 978 1956 ἐπειδὴ·
1029 1885 1083 1939 δὲ
1121 1885 1152 1956 ἡ
1191 1886 1328 1946 πόλις
1367 1883 1458 1956 ὅλη
1496 1891 1657 1945 κακῶς
1695 1885 2015 1957 ἐβουλεύσατο

0 1950 18 2068 ξ
113 1978 196 2034 καὶ
234 1978 422 2052 ἥμαρτε
457 1985 541 2050 τῆς
581 1979 812 2052 ὑμετέρας
849 1979 1052 2051 γνώμης,
1094 1981 1214 2051 μετὰ
1253 1985 1336 2050 τῆς
1364 1980 1555 2040 πόλεως
1585 1978 1700 2050 ὅλης
1728 1979 2015 2051 ἠναγκάσθη

0 2075 14 2151 ξ
116 2076 494 2146 συνεξαμαρτεῖν.
583 2074 718 2127 Tum
763 2075 1087 2142 Thucydidis
1141 2074 1264 2126 libri
1314 2074 1398 2126 III
1456 2091 1534 2143 cp.
1586 2076 1656 2129 50
1713 2077 2017 2144 inspicienti

0 2145 41 2213 ᾖ
117 2170 402 2239 apparebit,
450 2169 797 2236 Mytilenaeos
848 2186 908 2221 eo
958 2173 1191 2238 tempore
1237 2185 1346 2221 non
1392 2169 1559 2220 fuisse
1604 2170 2015 2221 Atheniensium

0 2229 18 2265 t
80 2259 82 2261 ’
117 2265 303 2332 sociOS,
342 2264 433 2316 sed
472 2263 734 2331 subjectos
774 2264 972 2319 colonis
1012 2261 1355 2335 (κληρούχοις),
1397 2264 1491 2331 qui
1522 2263 1654 2315 urbe
1674 2263 2017 2330 Mytilenaeo-

101 2374 236 2422 rum
273 2361 426 2426 capta
463 2357 528 2409 ab
553 2357 973 2410 Atheniensibus
1013 2358 1225 2410 deducti
1265 2361 1390 2409 sunt
1427 2357 1684 2409 Lesbum:
1732 2357 1892 2410 Thuc.
1916 2358 2015 2424 III,

118 2453 212 2506 50:
271 2448 382 2514 ,,καὶ
429 2450 771 2520 Μυτιληναίων
821 2450 962 2524 τείχη
1011 2453 1241 2504 καθεῖλον
1300 2449 1382 2503 καὶ
1433 2455 1549 2510 ναῦς
1596 2451 1871 2523 παρέλαβον
1925 2454 2012 2520 (sc.

118 2542 164 2595 οἱ
197 2541 476 2613 Ἀθηναῖοι).
508 2542 728 2617 ’ὕστερον
767 2545 821 2600 δὲ
859 2545 1007 2617 φόρον
1045 2545 1133 2599 οὐκ
1169 2547 1342 2606 ’ἔταξαν
1382 2545 1443 2614 (οἱ
1478 2544 1743 2614 Ἀθηναῖοι)
1782 2545 2016 2617 Λεσβίοις,

117 2637 323 2708 κλήρους
361 2637 415 2691 δὲ
451 2639 736 2709 ποιήσαντες
773 2645 858 2710 τῆς
895 2645 981 2710 γῆς
1028 2641 1152 2709 πλὴν
1200 2644 1282 2709 τῆς
1322 2638 1661 2710 Μηθυμναίων
1711 2638 2015 2711 τρισχιλίους,

0 2748 30 2779 ῑ.
117 2729 414 2803 τριακοσίους
453 2732 539 2804 μὲν
576 2736 671 2794 τοῖς
709 2736 840 2794 θεοῖς
879 2734 1034 2806 ἱεροὺς
1073 2736 1265 2798 ἐξεῖλον,
1317 2732 1395 2787 ἐπὶ
1435 2733 1488 2787 δὲ
1527 2734 1634 2793 τοῦς
1674 2730 1849 2793 ἄλλους
1888 2739 2017 2805 σφῶν

121 2823 275 2880 αὐτῶν
310 2826 610 2899 κληρούχους
648 2828 756 2888 τοῦς
795 2827 1034 2900 λαχόντας
1073 2827 1388 2899 ἀπέπεμψαν·
1442 2827 1511 2886 οἷς
1559 2826 1782 2898 ἀργύριον
1821 2827 2016 2899 Λέσβιοι

119 2904 373 2990 ταξάμενοι
409 2927 495 2975 τοῦ
531 2921 712 2993 κλήρου
752 2921 955 2976 ἑκάστου
1002 2928 1087 2975 τοῦ
1136 2925 1356 2976 ἐνιαυτοῦ
1395 2921 1480 2973 δύο
1522 2926 1639 2991 μνᾶς
1679 2922 1841 2992 φέρειν
1881 2920 2015 2974 αὐτοὶ

122 3013 392 3084 εἰργάζοντο
430 3016 514 3086 τήν
551 3021 683 3086 γῆν.“

186 3148 189 3150 “
265 3122 471 3177 Deinde
517 3142 586 3178 ex
632 3126 786 3178 titulo
835 3127 1136 3195 nuperrime
1183 3122 1400 3177 invento
1452 3125 1607 3191 (edito
1656 3125 1707 3175 in
1763 3123 1814 3174 C.
1857 3124 1904 3174 J.
1947 3125 2011 3174 A.

122 3216 222 3268 vol.
264 3215 343 3268 IV
381 3217 615 3289 [suppl.],
650 3220 742 3272 fsc.
784 3220 828 3286 I,
874 3220 932 3271 P.
972 3221 1061 3288 45,
1108 3237 1159 3271 n.
1202 3221 1289 3287 96)
1340 3220 1537 3270 scimus
1585 3222 1635 3268 et
1682 3217 2014 3282 Mytilenaeis

122 3309 287 3363 fuisse
334 3314 667 3380 permissum,
713 3318 775 3365 ut
824 3312 960 3373 δίκας
1009 3313 1106 3366 ἀπὸ
1147 3311 1399 3382 συμβόλων
1438 3315 1651 3378 agerent
1698 3311 1852 3361 etiam
1900 3313 2016 3376 post
2067 3370 2070 3371 ⁷

125 3403 467 3457 defectionem
505 3410 556 3458 et
591 3407 878 3475 praefuisse
910 3408 1154 3474 jiidiciini
1184 3406 1401 3458 consilio
1431 3407 1486 3455 in
1517 3405 1691 3476 causis
1720 3403 1822 3452 illis
1852 3402 2015 3469 magi-

126 3501 319 3550 stratus
356 3499 766 3552 Atheniensium
804 3498 1118 3567 (ἐπίσκοποι);

31 3587 39 3594 f
264 3576 267 3579 ’
1668 3579 1729 3629 4*
