2320 3822
270 29 342 81 44

271 175 349 227 τὸν
414 173 639 244 πόλεμον,
710 174 997 244 λέγοντες
1067 173 1177 227 οὐκ
1235 174 1402 228 εἶναι
1460 172 1800 245 αὐτόνομοι
1856 175 2014 227 κατὰ
2070 174 2179 235 τὰς

273 267 522 329 σπονδάς.“
596 269 739 322 Dicit
793 270 959 338 igitur
1012 270 1367 338 ThucydideS,
1424 270 1713 338 Aeginetas
1773 272 1988 338 questos
2044 286 2177 338 esse,

274 381 362 432 „se
414 365 559 433 ipsos
614 381 724 416 non
775 381 890 417 esse
941 362 1234 434 αὐτονόμους
1282 382 1352 417 ex
1389 364 1606 433 pactis.“
1683 363 1770 414 Ex
1810 362 2009 432 quibus
2045 364 2181 418 nihil

271 463 441 528 potest
487 459 662 528 colligi
708 459 814 511 nisi
863 459 990 511 hoc:
1049 459 1328 511 tricennali
1374 475 1503 528 pace
1554 459 1844 510 constituta
1878 458 2063 526 fuisse,
2117 462 2180 511 ut

269 553 560 622 Aeginetae
616 557 792 606 essent
848 551 1118 623 αὐτόνομοι.
1195 552 1520 605 Concludere
1565 569 1689 605 vero
1737 568 1806 604 ex
1854 553 1938 604 his
1985 551 2180 621 verbiS,

271 649 518 700 universe
557 648 760 716 aliquid
796 648 1075 700 tricennali
1111 664 1239 717 pace
1279 648 1628 699 constitutum
1665 663 1782 699 esse
1822 647 1886 700 de
1916 647 2180 700 sociorum

270 743 591 809 autonomia,
638 759 748 794 non
783 742 920 795 licet.
998 742 1221 795 Accedit
1261 742 1405 810 quod
1442 758 1470 794 e
1507 741 1817 808 Thucydide
1853 742 1970 810 ipso
2007 745 2181 810 potest

270 836 463 905 colligi,
521 853 549 889 e
589 838 847 888 contrario
885 837 1019 888 nihil
1059 837 1307 889 universe
1344 835 1624 888 tricennali
1661 851 1790 904 pace
1829 836 2180 888 constitutum

270 946 384 982 esse
425 931 488 983 de
526 932 792 983 sociorum
830 932 1151 999 autonomia,
1201 930 1362 982 Thuc.
1403 930 1447 997 Ι,
1491 929 1612 996 144,
1651 931 1712 982 2:
1773 928 1887 992 ,,τάς
1924 948 1978 981 τε
2014 928 2180 990 πόλεις

270 1020 342 1076 ὅτι
382 1022 675 1095 αὐτονόμους
714 1023 981 1097 ἀφήσομεν,
1035 1025 1076 1078 εἰ
1123 1022 1206 1077 καὶ
1246 1023 1541 1095 αὐτονόμους
1581 1021 1774 1095 ἔχοντες
1813 1008 2181 1094 ἐσἰτε-ῑισείμεέὶοιιι

273 1119 450 1187 (verba
469 1119 732 1188 Periclis);
776 1120 973 1189 quibus
1013 1137 1081 1172 ex
1119 1120 1295 1173 verbis
1335 1120 1460 1172 satis
1500 1122 1730 1188 apparet,
1768 1118 2181 1173 Atheniensium

270 1215 438 1267 socios
477 1215 754 1267 tricennali
790 1232 920 1284 pace
959 1216 1086 1266 anni
1123 1215 1232 1268 445
1263 1216 1373 1282 jam
1407 1214 1713 1266 autonomia
1745 1213 1978 1283 privatos
1995 1213 2176 1267 fuisse.

269 1308 448 1377 Pergit
486 1306 893 1362 Christensenus
941 1309 1008 1378 (p.
1053 1309 1163 1375 18):
1227 1308 1382 1377 „Non
1428 1309 1751 1377 negaverim,
1806 1309 1904 1360 uni
1942 1312 1995 1361 et
2031 1309 2180 1362 alteri

270 1403 487 1471 civitati,
542 1403 762 1456 fortasse
812 1404 1075 1473 pluribus,
1135 1420 1251 1456 eam
1299 1403 1667 1455 condicionem
1703 1403 2009 1471 impositam
2046 1419 2180 1472 6886,

269 1501 330 1548 ut
368 1497 674 1565 dijudicatio
716 1499 1053 1567 quarundam
1092 1514 1376 1551 causarum
1414 1498 1557 1568 apud
1589 1497 1799 1565 judices
1824 1496 2180 1550 Athenienses

267 1591 430 1659 fieret,
470 1593 609 1645 sicut
644 1593 770 1646 belli
806 1593 1245 1662 Peloponnesiaci
1283 1592 1609 1662 temporibus
1644 1590 1983 1658 Mytilenaeis
2020 1593 2182 1644 inter-

270 1686 472 1738 dictum
528 1687 694 1740 fuisse
750 1687 995 1740 videmus
1045 1688 1283 1758 (Antiph.
1324 1709 1372 1739 π.
1411 1707 1448 1738 τ.
1480 1684 1669 1757 Ἥρωό.
1721 1703 1826 1756 φον.
1879 1687 1910 1753 ἓ
1947 1686 2058 1754 47),
2112 1703 2182 1740 ne

270 1797 457 1833 causas
509 1783 758 1851 capitales
807 1784 910 1852 ipsi
942 1783 1260 1855 judicarent,
1314 1797 1414 1833 nec
1453 1779 1807 1847 dubitaverim
1845 1781 2181 1849 contendere,

270 1879 330 1926 ut
366 1875 466 1926 hoc
504 1877 747 1945 exemplo
786 1860 921 1945 utar7
961 1879 1238 1947 Aeginetis
1275 1878 1333 1928 in
1353 1857 1620 1946 plerisque
1641 1876 1818 1928 causis
1842 1877 1933 1943 jus
1953 1875 2181 1929 Athenis

267 1970 613 2038 repetendum
663 1971 879 2025 fiiisse.“
957 1972 1023 2024 In
1073 1973 1186 2024 loco
1237 1971 1585 2040 Antiphontis
1636 1972 1700 2038 (π.
1756 1990 1795 2022 τ.
1839 1968 2028 2041 (Ηρωὸ.
2075 1989 2179 2041 φον.

270 2065 300 2130 ς’
338 2064 427 2131 47)
485 2065 876 2134 interpretando
930 2067 1337 2120 Christensenus
1396 2070 1612 2119 secutus
1671 2069 1750 2118 est
1798 2064 2180 2132 Maetznerum,

271 2159 362 2226 qui
401 2159 562 2212 verba
600 2155 655 2223 „8
695 2158 809 2213 οὐδὲ
848 2160 989 2214 πόλει
1028 2159 1235 2222 ἔξεστινίί
1275 2160 1584 2229 accipienda
1620 2177 1735 2213 esse
1773 2163 1951 2228 putat:
2001 2159 2179 2228 „quod

268 2269 335 2304 ne
386 2253 507 2304 urbi
561 2255 778 2322 quidem
827 2258 1043 2309 oratoris
1095 2258 1145 2324 (i.
1188 2273 1230 2309 e.
1274 2255 1580 2322 Mytilenae)
1619 2254 1788 2307 facere
1825 2254 1998 2306 licet.“
2076 2253 2179 2306 Sed

269 2363 392 2398 cum
429 2349 913 2418 interpretationem
950 2352 1097 2403 illam
1133 2351 1319 2404 falsam
1358 2366 1473 2403 esse
1499 2351 1610 2418 jam
1643 2366 1802 2418 supra
1823 2349 2180 2416 docuerimUS,

270 2441 427 2492 etiam
475 2442 574 2493 hac
613 2442 970 2498 Christenseni
1023 2446 1480 2515 argumentatione
1530 2444 1665 2495 nihil
1702 2442 1911 2512 probari
1949 2447 2177 2512 apparet.

270 2533 303 2585 J
307 2551 391 2586 am
432 2552 615 2589 omnes
654 2537 804 2590 facile
842 2540 1176 2610 intellegunt,
1235 2539 1672 2592 Christensenum
1708 2538 1842 2589 nihil
1881 2537 2180 2606 protulisse,

271 2629 414 2698 quod
452 2629 1023 2702 Pseudoxenophontis
1073 2635 1361 2688 testimonii
1414 2634 1778 2685 auctoritatem
1828 2631 2176 2684 labefactaret.

1164 2802 1282 2868 §8.

416 2913 794 2983 Cognovimus,
856 2917 963 2969 fere
1021 2934 1206 2970 omnes
1273 2917 1442 2970 socios
1509 2914 1756 2974 ὑποτελεῖς
1814 2945 1882 2951 ——
1942 2916 2178 2984 exceptis

273 3007 472 3059 scilicet
516 3007 638 3076 illis,
690 3011 782 3078 qui
830 3009 896 3061 ob
944 3010 1167 3079 longum
1218 3012 1450 3079 spatium
1502 3011 1837 3078 interjectum
1887 3008 2180 3062 Athenien-

271 3103 412 3154 sium
459 3103 680 3172 imperio
730 3121 838 3156 non
886 3106 959 3156 ita
1008 3105 1146 3156 sicut
1197 3106 1354 3157 ceteri
1402 3104 1656 3173 parebant
1706 3120 1883 3172 neque
1935 3102 2002 3155 ob
2041 3103 2180 3156 hanc

269 3198 439 3266 ipsam
486 3213 702 3250 causam
754 3198 1013 3250 tributum
1060 3198 1362 3267 pendebant
1409 3231 1477 3235 —
1527 3203 1733 3249 coactos
1782 3197 1949 3250 fuisse
1996 3213 2180 3250 omnes

271 3308 458 3344 causas
494 3293 707 3360 majoris
745 3294 1018 3359 momenti⁷
1059 3309 1194 3360 quae
1233 3296 1394 3344 erant
1418 3293 1556 3343 inter
1589 3292 1732 3344 cives
1762 3285 2002 3359 ejusdem
2031 3291 2180 3344 urbis

271 3387 459 3454 sociae,
499 3403 650 3456 agere
670 3387 921 3452 Athenis3
955 3388 1066 3455 jam
1107 3403 1442 3454 quaeramus,
1483 3386 1747 3454 quomodo
1768 3386 2180 3439 Atheniensium

268 3482 326 3531 in
365 3482 541 3534 causis
579 3481 684 3533 illis
717 3480 1015 3549 jurisdictio
1055 3485 1167 3533 orta
1204 3481 1286 3532 sit.
