2320 3822
1967 59 2045 118 -73

137 211 341 280 'quibus
378 214 487 264 erat
523 211 935 264 Atheniensium
972 197 1310 280 magistratus
1351 207 1662 278 (ἐπίσκοπος),
1705 210 2043 278 magistratus

33 300 37 306 ’
139 305 228 358 ille
283 305 613 374 praesidebat
677 306 852 356 causis
919 303 1015 357 ἀπὸ
1085 303 1337 375 συμβόλων
1393 303 1747 369 instruendis3
1817 304 2044 355 Athenis

133 398 379 467 judicum
447 399 666 451 consilio
731 403 1005 468 praeerant
1072 399 1474 466 thesmothetae,
1550 400 1762 449 auctore
1827 397 2044 450 Polluce

140 493 311 561 (VIII,
351 494 463 561 88):
504 490 617 556 ,,καὶ
654 490 789 551 δίκας
829 490 925 545 ἀπὸ
966 491 1221 563 συμβόλων
1259 490 1527 562 ἐἰςοίγουσιν
1568 491 1631 558 (οἱ
1665 491 2040 561 Θεσμοθέται).“

138 585 243 639 Sed
290 603 414 638 cum
462 587 521 638 in
565 590 717 655 pacto
757 603 882 639 cum
918 587 1199 639 Phaselitis
1239 587 1288 654 (i.
1332 603 1374 639 e.
1414 585 1743 655 temporibus
1782 586 2044 638 societatis

137 679 370 748 alterius)
409 682 765 750 magistratuS,
825 683 919 750 qui
957 679 1091 740 δίκας
1131 679 1228 733 ἀπὸ
1270 678 1523 751 συμβόλων
1562 680 1620 731 in
1652 679 1919 747 judicium
1957 678 2045 730 de-

139 773 301 841 ducit,
356 774 514 826 fuerit
568 776 935 844 polemarchus
995 776 1061 843 (V.
1106 775 1174 829 10
1229 774 1405 841 tituli),
1463 773 1892 826 concludendum
1948 776 2043 839 est,

0 891 40 943 ι’
137 867 297 920 verba
334 867 568 921 Pollucis
615 870 681 920 ad
718 871 918 938 primae
957 869 1218 922 societatis
1257 872 1490 937 tempora
1527 868 1802 936 pertinere.
1880 866 2043 919 Vide-

7 967 9 969 ’
136 978 258 1013 mus
305 963 485 1030 igitur,
540 965 729 1032 prioris
781 965 1044 1016 societatis
1091 962 1417 1031 temporibus
1456 962 1847 1028 thesmothetaS,
1902 961 2044 1029 pole-

137 1057 376 1108 marchos
406 1060 584 1109 autem
616 1057 829 1110 alterius
859 1059 1120 1109 societatis
1141 1056 1466 1125 temporibus
1486 1056 1776 1125 praefuisse
1798 1042 2043 1124 judicum

108 1150 356 1219 vconsilio
393 1152 451 1203 in
490 1149 644 1211 δίκαις
684 1149 780 1203 ἀπὸ
821 1150 1074 1222 συμβόλων
1112 1151 1455 1203 instruendis,

1017 1320 1047 1385 s
1091 1318 1172 1371 12.

277 1433 530 1486 Actiones
569 1432 665 1486 ἀπὸ
706 1434 975 1505 συμβόλων,
1029 1451 1165 1502 quae
1202 1435 1416 1501 fuerint,
1472 1450 1595 1484 cum
1635 1433 1760 1484 satis
1800 1432 2043 1484 docuisse

134 1527 265 1578 mihi
301 1526 498 1596 videar,
553 1532 730 1597 restat,
788 1534 848 1582 ut
901 1533 1209 1598 reputemus
1261 1545 1366 1597 quo
1416 1532 1649 1595 tempore
1688 1526 2043 1579 Athenienses

132 1620 302 1673 facere
346 1623 639 1691 inceperint
687 1623 947 1690 ejusmodi
992 1627 1160 1692 pacta,
1211 1640 1277 1675 ex
1331 1622 1528 1691 quibus
1585 1624 1800 1690 agerent
1839 1632 2042 1687 causaS,

137 1732 272 1783 quae
322 1720 471 1768 erant
518 1718 584 1769 iis
636 1735 759 1770 cum
807 1719 976 1770 sociis.
1056 1718 1193 1770 Satis
1244 1716 1528 1769 verisimile
1581 1719 1675 1782 est,
1727 1716 1837 1782 jam
1874 1716 2042 1784 primo

135 1810 396 1862 societatis
454 1811 709 1863 decennio
766 1812 1087 1878 (476—466)
1128 1812 1482 1863 Athenienses
1540 1827 1664 1862 cum
1717 1809 1890 1876 sociiS,
1949 1809 2043 1876 qui

133 1907 250 1955 tum
296 1905 454 1956 etiam
505 1922 687 1957 omnes
739 1909 886 1958 erant
943 1904 1215 1975 αὐτόνομοι,
1274 1905 1574 1957 commercii
1612 1903 1844 1972 augendi
1882 1918 2043 1954 causa

133 2002 285 2066 pacta
333 1997 589 2069 (σύμβολα)
638 2000 841 2067 fecisse,
899 2017 967 2052 ex
1020 1999 1218 2068 quibus
1267 2001 1498 2051 actiones
1546 1998 1879 2066 negotiorum
1918 2013 2042 2048 cum

132 2093 199 2143 iis
255 2098 486 2161 agerent,
542 2095 615 2145 ita
671 2098 731 2146 ut
780 2096 899 2161 jure
955 2095 1170 2162 utrique
1226 2094 1361 2162 parti
1419 2093 1705 2161 aequaliter
1756 2091 2041 2142 constituto

135 2202 325 2238 causae
364 2192 540 2239 essent
576 2189 918 2240 instruendae
955 2190 1012 2239 in
1052 2206 1112 2241 ea
1151 2190 1378 2255 civitate,
1426 2189 1483 2238 in
1525 2204 1631 2255 qua
1667 2186 1867 2237 factum
1906 2188 2043 2237 esset

133 2281 423 2349 negotium,
463 2298 659 2350 easque
697 2299 885 2335 causas
924 2284 1210 2352 appellatas
1249 2299 1388 2335 esse:
1431 2279 1596 2345 ,,δίκας
1623 2279 1720 2332 ἀπὸ
1743 2278 2041 2350 συμβόλωνίέ.

135 2373 489 2427 Confirmatur
543 2377 672 2428 haec
720 2379 1022 2445 coniectura
1071 2377 1224 2429 titulo
1275 2373 1578 2445 nuperrime
1616 2376 1834 2426 invento
1875 2373 1946 2441 (O.
1989 2373 2037 2425 J.

134 2468 241 2519 Att.
283 2468 380 2536 IV,
428 2472 462 2522 2
501 2471 681 2539 Suppl.
737 2468 784 2539 p.
831 2473 901 2524 23
953 2471 1030 2540 [P.
1073 2472 1143 2524 45
1194 2488 1245 2522 n.
1289 2469 1416 2539 96]),
1475 2471 1532 2520 in
1592 2485 1697 2537 quo
1754 2469 1928 2537 agitur
1978 2468 2041 2520 de

132 2562 356 2630 foedere,
397 2565 540 2631 quod
579 2581 703 2616 cum
732 2565 1067 2631 Mytilenaeis
1106 2569 1224 2634 post
1262 2581 1446 2617 eorum
1485 2563 1829 2616 defectionem
1867 2579 1910 2613 a.
1934 2562 2038 2614 427

133 2656 332 2708 factum
370 2662 472 2709 est:
522 2656 687 2721 ,,δίκας
726 2657 943 2718 διδόντας
981 2659 1098 2729 πρὸς
1133 2656 1404 2727 Ἀθηναίων
1443 2657 1550 2716 τοὺς
1591 2656 1877 2714 ἐπισκόπους
1916 2655 2040 2707 κατὰ

133 2750 217 2809 τὰς
255 2749 505 2821 ξυμβολάς,
547 2750 600 2804 αἳ
634 2748 757 2821 ἦσαν
795 2753 886 2823 πρὸ
925 2752 1093 2806 τούτου
1122 2751 1450 2823 τοῦχρόνουιίε
1492 2751 1654 2804 verba
1674 2752 1841 2804 enim:
1883 2749 2037 2814 ,,κατὰ

133 2843 225 2903 τὰς
256 2843 507 2915 ξυμβολάς,
549 2844 601 2897 αἳ
636 2841 758 2915 ἦσαν
787 2846 877 2916 πρὸ
909 2846 1078 2898 τούτου
1107 2850 1193 2898 τοῦ
1211 2844 1420 2916 χρόνουιι
1460 2846 1666 2913 docent,
1705 2845 2040 2912 Mytilenaeis

128 2940 239 3007 jam
289 2944 410 2991 ante
463 2940 808 2992 defectionem
856 2957 979 2992 cum
1027 2939 1447 2991 Atheniensibus
1493 2940 1658 2992 fuisse
1709 2942 1861 3008 pacta
1913 2940 2039 3007 (Ευμ-
2073 2980 2078 2986 .

135 3030 311 3103 βολαί),
369 3050 436 3085 ex
496 3033 693 3101 quibus
750 3050 940 3086 causae
995 3038 1171 3086 essent
1220 3033 1563 3086 instruendae
1611 3035 1749 3086 inter
1798 3035 1942 3102 ipsos
1990 3037 2041 3085 et

135 3126 511 3179 Athenienses:
573 3128 662 3179 sed
721 3144 845 3179 cum
895 3127 1204 3194 Mytilenaei
1261 3120 1382 3180 ante
1440 3128 1786 3180 defectionem
1841 3127 2039 3178 fuerint

137 3220 263 3272 socii
332 3218 610 3290 αὐτόνομοι,
652 3221 1107 3274 concludendum
1174 3223 1331 3273 etiam
1385 3223 1523 3274 inter
1577 3221 1931 3273 Athenienses
1989 3223 2040 3271 et

136 3314 304 3365 socios
362 3312 652 3384 αὐτονόμους
702 3317 987 3368 instructas
1040 3332 1154 3368 esse
1204 3313 1339 3373 δίκας
1390 3313 1486 3367 ἀπὸ
1540 3313 1801 3384 ξυμβόλων.
1887 3313 2056 3376 Ρο3ίῑε

138 3423 298 3475 quam
348 3411 525 3460 autem
571 3410 843 3476 paullatim
882 3410 1236 3461 Athenienses
1275 3409 1431 3460 sociis
1470 3408 1780 3478 ademerunt
1817 3411 2038 3458 autono-

133 3501 314 3568 miam,
371 3504 422 3553 et
460 3517 646 3555 causas
683 3503 910 3570 majoris*
934 3503 1206 3570 momenti,
1265 3518 1400 3570 quae
1438 3503 1576 3554 inter
1613 3500 1851 3568 ejusdem
1887 3499 2036 3552 urbis

0 3324 26 3822 w-w-W*
0 3175 9 3311 ›1·v›—,=·=-···,*=
0 3104 6 3143 v<
0 3070 2 3077 -
