2320 3822
221 20 289 72 28

221 161 549 234 δημοκρατίαν
605 162 912 232 καταστήσας
974 179 1043 215 sc.
1104 161 1129 214 ὁ
1189 161 1465 232 Περικλῆς),
1532 179 1748 232 prorsus
1803 163 1934 216 ficta
1988 175 2129 217 com-

220 262 506 327 mentaque
546 261 685 310 sunt.
764 257 850 308 Ex
890 257 1199 324 Thucydide
1251 259 1394 310 enim
1434 259 1782 311 demonstrari
1831 262 2020 327 potest,
2070 264 2131 311 ut

220 353 473 420 vidimuS,
526 370 569 404 a.
610 352 715 405 411
758 352 901 404 Sami
948 352 1114 404 fuisse
1168 352 1499 405 dominatum
1544 369 1854 422 paucorum.
1934 351 2131 415 Quam-

222 447 420 514 obrem,
460 448 503 499 si
539 463 596 499 re
633 463 759 499 vera
778 446 1135 499 Athenienses
1174 464 1218 498 a.
1250 447 1357 500 439
1398 447 1589 499 Samiis
1626 448 1821 500 iterum
1861 445 2131 499 debellatis

222 542 474 611 populare
512 542 795 611 imperium
832 542 1204 605 restituissent,
1245 541 1541 594 Samiorum
1575 543 1852 610 optimates
1892 541 2132 593 domina-

223 638 421 689 tionem
470 637 610 687 intra
660 651 827 687 annos
865 635 1154 689 439-411
1193 651 1533 704 recuperasse
1584 636 1927 688 statuendum
1977 638 2128 688 esset.

225 730 379 793 Quod
416 730 530 783 fieri
568 747 677 781 non
715 730 904 798 potuit,
941 730 1047 781 nisi
1086 729 1223 781 bello
1263 747 1387 782 cum
1406 729 1827 782 Atheniensibus
1867 733 2131 798 suspecte,

223 829 315 877 aut
350 826 488 876 intra
527 840 695 876 annos
732 823 1018 877 439—431
1060 828 1152 876 aut
1183 840 1307 876 vero
1347 825 1505 877 etiam
1542 824 1667 876 belli
1696 824 2133 893 Peloponnesiaci

220 918 547 988 temporibus
599 935 773 988 usque
825 919 891 970 ad
940 935 1144 971 annum
1181 919 1289 972 412
1338 918 1403 970 ab
1451 919 1866 971 Atheniensium
1911 919 2132 988 imperio

225 1013 563 1066 defecissent:
603 1013 660 1064 id
699 1014 844 1065 enim
883 1015 1160 1082 optimates
1201 1013 1464 1066 debebant
1501 1014 1653 1081 scire,
1690 1014 1929 1082 ipsorum
1967 1013 2135 1064 domi-

223 1108 509 1175 nationem,
547 1107 630 1160 bis
663 1110 776 1176 jam
813 1139 881 1145 ——
923 1109 967 1160 si
1000 1107 1291 1160 Diodorum
1333 1108 1610 1176 sequimur
1646 1138 1715 1144 —
1755 1106 1819 1159 ab
1840 1107 2134 1160 Athenien·
2188 1142 2196 1146 -

224 1202 373 1254 sibus
413 1219 666 1270 eversam,
706 1206 842 1255 stare
879 1220 989 1254 non
1027 1220 1216 1272 posse,
1250 1202 1510 1271 quamdiu
1559 1201 1659 1254 sub
1697 1203 1918 1271 imperio
1957 1205 2136 1255 essent

222 1297 649 1350 Atheniensium.
744 1297 1085 1364 Thucydides
1143 1301 1323 1350 autem
1379 1297 1483 1349 tale
1539 1296 1742 1349 bellum
1795 1313 1906 1349 non
1962 1297 2136 1366 potuit

221 1393 499 1461 praeterire
545 1392 769 1444 silentio
863 1391 1053 1460 Neque
1108 1396 1227 1460 post
1282 1392 1501 1459 cladem,
1561 1408 1723 1459 quam
1778 1391 2135 1444 Athenienses

223 1490 531 1555 acceperant
586 1487 644 1537 in
701 1486 898 1554 Sicilia,
955 1487 1069 1539 fieri
1126 1488 1315 1555 potuit,
1382 1490 1443 1538 ut
1501 1485 1801 1538 Samiorum
1857 1486 2135 1555 optimates

222 1581 474 1650 populare
511 1582 796 1650 imperium
835 1585 1143 1634 everterent.
1235 1581 1290 1634 si
1329 1582 1474 1634 enim
1511 1581 1610 1632 hoc
1647 1580 1915 1648 fecissent,
1953 1597 2136 1633 neces-

225 1678 360 1727 sario
386 1676 729 1728 statuendum
749 1680 903 1743 esset,
933 1693 1021 1729 eos
1057 1676 1122 1728 ad
1141 1675 1585 1728 Lacedaemonios
1618 1675 1912 1728 defecturos
1940 1675 2133 1741 fuisse3

222 1787 348 1822 nam
369 1774 646 1839 expectare
679 1770 957 1838 debebant,
998 1771 1415 1822 dominationem
1439 1787 1593 1822 suam
1618 1771 1868 1822 tutiorem
1894 1770 2005 1822 fore
2033 1769 2135 1822 sub

221 1865 759 1917 Lacedaemoniorum
808 1866 1042 1934 imperiO,
1093 1882 1255 1933 quam
1303 1864 1403 1917 sub
1441 1866 1663 1934 imperio
1701 1865 2134 1917 Atheniensium.

226 1959 328 2011 Sed
384 1960 522 2011 inter
591 1961 760 2011 socios
816 1959 1230 2012 Atheniensium
1294 1960 1508 2027 multOS,
1577 1976 1710 2028 quos
1777 1959 1947 2028 egisse
2013 1975 2138 2010 cum

224 2054 653 2107 Lacedaemoniis
705 2055 768 2106 de
820 2054 1111 2106 defectione
1148 2053 1486 2121 Thucydides
1536 2058 1714 2106 narrat
1762 2053 1941 2121 (Thuc.
1982 2052 2137 2120 VIII,

229 2149 440 2216 1—21),
480 2148 683 2201 Samios
721 2165 830 2200 non
870 2149 1045 2200 solum
1081 2166 1191 2201 non
1231 2153 1621 2216 commemorat,
1661 2148 1753 2200 sed
1792 2149 1950 2200 etiam
1986 2148 2138 2199 insu-

224 2245 330 2296 lam
368 2244 589 2296 Samum
627 2243 1048 2296 Atheniensibus
1089 2245 1215 2297 satis
1253 2248 1424 2296 tutam
1463 2244 1634 2295 visam
1673 2259 1804 2310 esse,
1853 2246 1915 2293 ut
1953 2241 2138 2293 classis

227 2340 377 2391 statio
408 2339 567 2390 fieret.
630 2337 839 2400 Quibus
874 2339 939 2391 de
973 2340 1149 2392 causis
1179 2338 1611 2391 concludendum
1649 2340 1744 2404 est,
1782 2336 2138 2388 Athenienses

228 2433 417 2485 Samiis
455 2434 646 2485 iterum
685 2432 821 2484 bello
861 2434 1122 2502 superatis
1160 2434 1222 2501 (a.
1264 2434 1410 2501 439),
1459 2448 1753 2502 paucorum
1806 2430 2140 2483 dominatum

227 2544 336 2579 non
387 2527 681 2579 sustulisse.
777 2526 1043 2580 Diodorus
1101 2522 1296 2595 autem,
1344 2528 1428 2580 vel
1485 2528 1663 2596 potius
1720 2529 1920 2592 auctor,
1979 2541 2141 2594 quem

228 2622 494 2674 Diodorus
544 2626 759 2674 secutus
808 2627 902 2689 est,
950 2622 1112 2675 verba
1162 2623 1287 2691 §phi
1336 2623 1372 2674 4
1423 2638 1504 2691 op.
1546 2622 1615 2675 28
1663 2620 1780 2672 libr.
1831 2619 1968 2671 XII:
2026 2615 2140 2683 ,,καὶ

228 2716 313 2786 τήν
360 2714 687 2786 δημοκρατίαν
737 2716 1075 2786 καταοττήσαςιι
1125 2718 1239 2786 ipse
1287 2716 1506 2784 addidit,
1565 2716 1692 2784 quia
1738 2716 1797 2766 in
1846 2714 1991 2766 fonte
2042 2729 2140 2766 suo

228 2813 520 2878 invenerat,
570 2815 689 2878 post
733 2811 957 2878 primam
990 2847 1004 2874 ,.
1022 2816 1204 2864 contra
1255 2811 1475 2864 Samum
1531 2810 1926 2879 expeditionem
1975 2807 2141 2860 Athe-

229 2908 442 2959 nienses
479 2905 775 2956 instituisse
811 2905 1064 2973 populare
1101 2906 1410 2974 imperium:
1452 2903 1583 2972 XII,
1622 2905 1709 2971 27,
1741 2906 1800 2957 2:
1843 2900 2142 2970 ,,κατὲστησε

230 2997 557 3071 δημοκρατίαν
598 2999 647 3050 ἐν
687 2995 855 3068 αὐτῇ.“

374 3095 564 3162 Itaque
601 3093 701 3144 tria
739 3094 1002 3144 sociorum
1042 3091 1281 3145 ὑποτελῶν
1318 3109 1513 3162 genera
1549 3093 1791 3145 fuerunt:

406 3190 454 3257 1)
494 3188 713 3254 Eorum,
754 3202 983 3254 quorum
1019 3203 1131 3238 rem
1170 3187 1439 3255 publicam
1478 3187 1835 3239 Athenienses
1875 3185 1940 3236 ad
1981 3201 2142 3237 suum

494 3282 769 3334 arbitrium
805 3282 862 3331 in
901 3282 1213 3350 popularem
1252 3273 1448 3333 statum
1484 3280 1809 3349 redegerant.

403 3380 453 3447 2)
492 3378 711 3444 Eorum,
752 3377 845 3444 qui
885 3375 1298 3428 dominationem
1336 3374 1506 3444 plebis
1545 3390 1642 3427 suo
1662 3374 1900 3442 ipsorum
1929 3371 2142 3424 arbitrio

492 3473 833 3524 constitutam
872 3469 1165 3523 servabant.
