2320 3822
1932 44 2001 98 59

4 185 49 201 '²
101 167 440 250 sententiam,
492 184 585 251 qui
635 181 856 246 ,,αότοῖς“
893 183 959 234 ad
997 183 1308 252 ,,ποιήσαντες
1346 184 1430 243 τοὶς
1468 171 1674 254 κρίσειςίί
1711 186 1880 252 refert,
1937 186 2002 238 ob

11 276 37 325 »ἶ
109 276 245 328 hanc
302 293 516 329 causam
569 293 678 328 non
733 280 811 328 est
865 275 1153 345 probanda,
1211 278 1353 345 quod
1390 276 1724 344 Thucydides
1780 277 2002 341 ,,αὐτοῖς“

109 369 242 422 fflud
291 374 427 423 certe
471 386 580 421 non
616 373 734 438 post
770 369 931 421 verba
967 369 1094 440 ,,πάρ
1131 368 1275 439 ἡμῖνιι
1313 372 1592 439 posuisset,
1649 372 1693 423 si
1733 372 1798 423 ad
1836 372 2004 442 ,,ποιή-

110 483 275 523 σαντες
329 463 413 523 τὰς
467 461 674 534 κρίσειςίί
718 463 917 515 referri·
945 463 1200 516 voluisset
1256 464 1461 530 (verum
1517 466 1834 533 scripsisset:
1893 464 2005 529 ,,καὶ

0 617 2 623 Ι
107 555 224 627 παρ’
277 556 390 627 ἡμῖν
427 556 710 626 ποιήσαντες
750 555 909 616 αὐτοῖς
947 557 1032 616 τοὶς
1070 555 1314 628 κρίσειςίί),
1375 558 1517 626 quod
1562 558 1807 612 lectorem
1861 560 2005 612 facil-

0 663 42 714 ξ»
107 651 230 726 lime
284 651 536 703 inducere
603 652 861 720 potuisset
922 653 979 704 in
1034 667 1275 704 errorem.
1373 650 1726 714 Quamobrem
1782 651 2004 716 ,,αὐτοῖς“

0 753 3 814 j
110 761 233 798 cum
287 745 463 798 verbis
513 743 657 816 ,,παρ’
700 744 844 815 ἡμῖνίί
889 746 1228 814 jungendum
1284 749 1385 798 est:
1451 746 1626 814 „apud
1663 763 1761 798 nos
1798 748 2002 816 ipsos“;

0 822 15 907 ζξ
105 838 267 892 verba
322 843 523 892 autem:
599 840 715 909 „vel
779 840 921 909 apud
978 857 1075 892 nos
1129 840 1273 908 ipsos
1323 840 1526 907 judicia
1572 841 1622 891 ἐν
1671 841 1765 899 τοῖς
1823 839 2004 911 ὁμοίοις

105 931 268 1002 νόμοις
320 935 726 986 constituimus“
769 934 976 1001 docent,
1033 950 1220 986 causas
1256 933 1373 986 illas
1406 950 1515 985 non
1555 935 1727 986 solum
1764 935 2007 1002 AtheniS‚

109 1027 200 1079 sed
267 1028 426 1080 etiam
490 1029 547 1079 in
618 1029 879 1081 sociorum
944 1027 1150 1096 oppidis
1214 1028 1500 1080 instructas
1571 1046 1709 1094 esse3
1787 1031 2005 1082 audien-

109 1121 238 1173 dum
284 1123 426 1174 enim
473 1127 574 1175 est:
637 1139 777 1190 „non
829 1121 1000 1174 solum
1045 1122 1102 1172 in
1151 1123 1415 1174 sociorum
1462 1123 1670 1191 oppidis
1715 1124 1918 1190 judicia
1955 1125 2004 1175 ἐν

108 1208 202 1274 τοῖς
259 1213 439 1284 ὁμοίοις
495 1215 655 1286 νόμοις
712 1217 1103 1283 constituimUS,
1162 1217 1305 1284 quod
1362 1217 1557 1268 mirum
1607 1234 1714 1268 non
1766 1217 2002 1269 fuissetf‘

106 1307 294 1377 Itaque
331 1326 398 1362 ex
435 1311 518 1362 his
537 1310 860 1377 Thucydidis
898 1309 1072 1362 verbis
1105 1310 1654 1363 concludendumest:
1696 1316 1758 1363 et
1794 1311 2006 1364 fuisse

107 1399 283 1461 δίκας
339 1401 454 1455 ἀπὸ
505 1403 827 1474 ξυμβόλων
874 1403 1285 1472 temporibus
1332 1405 1581 1473 primae
1638 1406 2005 1472 societatiS,

108 1513 244 1564 quae
291 1501 438 1550 erant
482 1499 619 1551 inter
669 1499 838 1550 socios
877 1496 1122 1557 ὑποτελεῖς
1162 1502 1212 1551 et
1248 1498 1619 1566 AthenienseS‚
1676 1503 1735 1551 et
1773 1516 2006 1551 causas

104 1589 262 1642 illas
299 1591 676 1644 instructas
714 1609 859 1645 esse
896 1609 1025 1644 non
1066 1592 1275 1644 solum
1305 1592 1624 1659 Athenis,
1665 1593 1775 1645 sed
1815 1593 2007 1644 etiam

0 1749 3 1752 ,
104 1683 174 1735 in·
227 1686 554 1738 sociorum
611 1685 912 1739 ὑποτελῶν
969 1687 1252 1755 oppidiS,
1304 1689 1457 1755 jure
1513 1688 1787 1756 utrique
1835 1688 2007 1756 parti

0 1778 2 1818 ἶ
106 1779 479 1847 aequaliter
525 1781 909 1833 constitute.

58 1864 60 1868 ¹
249 1872 517 1941 Vidimus,
563 1890 630 1925 ex
679 1874 807 1925 locis
846 1874 1055 1926 duobus
1094 1875 1455 1943 (Antiphontis
1492 1879 1543 1927 et
1578 1874 1920 1941 Thucydidis)
1959 1879 2009 1927 et

0 2006 8 2029 ι
106 1983 174 2019 ex
211 1968 383 2035 titulo,
441 1985 574 2036 quos
612 1969 970 2035 tractavimuS,
1009 1969 1137 2021 haec
1176 1969 1239 2021 de
1278 1966 1431 2027 δίκαις
1471 1967 1567 2020 ἀπὸ
1607 1968 1855 2039 ξυμβόλων
1894 1986 2008 2022 6336

0 2102 12 2123 ,
107 2061 424 2130 colligenda:

0 2133 29 2253 ἑ
277 2157 325 2223 1)
362 2156 527 2208 fuisse
564 2156 752 2224 prioris
791 2157 1052 2208 societatis
1090 2157 1413 2224 temporibus
1451 2156 1586 2217 δίκας
1616 2156 1710 2210 ἀπὸ
1744 2157 2006 2227 ξυμβόλων,

366 2267 502 2318 quae
541 2255 689 2302 erant
725 2252 861 2326 inter
897 2251 1252 2303 Athenienses
1288 2256 1341 2303 et
1379 2253 1546 2304 socios
1587 2250 1845 2314 ὑποτελεῖς,

274 2345 325 2411 2)
365 2342 500 2404 δίκας
545 2345 662 2397 illas
709 2343 806 2397 ἀπὸ
854 2344 1102 2415 ξυμβόλων
1150 2349 1201 2397 et
1238 2345 1463 2398 Athenis
1512 2350 1563 2399 et
1599 2348 1655 2398 in
1696 2347 2009 2415 oppidorum

367 2441 628 2492 sociorum
664 2440 789 2492 foris
826 2441 1111 2492 instructas
1150 2456 1281 2507 esse,

277 2533 327 2599 3)
366 2531 501 2592 δίκας
548 2532 643 2586 ἀπὸ
692 2533 940 2604 ξυμβόλων
985 2535 1272 2587 instructas
1319 2552 1433 2588 esse
1466 2538 1585 2604 jure
1624 2537 1837 2604 utrique
1874 2537 2008 2604 parti

367 2628 653 2696 aequaliter
691 2630 993 2695 constitum,

0 2704 14 2743 ³
274 2721 328 2787 4)
365 2722 422 2772 in
478 2722 544 2773 iis
601 2724 862 2776 sociorum
920 2721 1161 2774 ὑποτελῶν
1219 2723 1443 2792 oppidis,
1500 2725 1556 2775 in
1617 2723 1813 2792 quibus
1862 2727 2009 2775 erant

0 2747 29 2859 ἓ
366 2814 777 2868 Atheniensium
843 2817 1182 2885 magistratus
1252 2816 1565 2884 (ἐπίσκοποι),
1642 2817 2009 2886 praesidebant

368 2907 618 2962 ἐπίσκοποι
673 2910 749 2961 issi
793 2910 1039 2978 judicum
1078 2912 1297 2964 consilio
1335 2914 1392 2963 in
1432 2910 1585 2971 δίκαις
1624 2910 1722 2964 ἀπὸ
1761 2910 2007 2981 ξυμβόλων

0 3063 9 3076 „
369 3005 610 3073 agundis

14 3087 19 3141 ἑ
254 3097 376 3151 Jam
435 3099 797 3167 quaerendum
852 3102 948 3165 est,
1006 3115 1257 3166 quarum*
1289 3117 1465 3152 rerum
1524 3101 1755 3151 actiones
1811 3098 2008 3150 fuerint

0 3091 18 3284 ᾗ
112 3189 241 3245 δίκαι
299 3190 396 3244 ἀπὸ
458 3191 719 3262 ξυμβόλων.
814 3191 932 3254 Qua
980 3193 1036 3243 in
1092 3209 1149 3244 re
1203 3194 1505 3263 indaganda
1568 3191 2005 3261 proficiscendum

0 3305 41 3358 4
111 3284 266 3339 nobis
303 3290 382 3339 est
419 3303 450 3338 a
485 3286 669 3354 populi
708 3287 838 3339 scito
878 3287 942 3339 de
987 3290 1139 3354 pacto
1188 3304 1311 3339 cum
1349 3287 1626 3349 Phaselitis
1665 3284 1860 3351 (Herm.
1902 3284 2001 3335 vol.

0 3367 2 3373 ’
111 3377 236 3445 VII,
273 3395 322 3447 p.
349 3380 451 3433 159
490 3397 521 3431 a
556 3379 1120 3448 Koehlerotractatus,
1160 3380 1213 3432 C.
1235 3380 1283 3433 J.
1306 3381 1371 3432 A.
1394 3380 1467 3447 ΙΙ,
1505 3379 1595 3431 Nr.
1623 3378 1722 3445 11).
1799 3376 2005 3430 Titulus
2042 3378 2045 3379 ⁷

112 3476 192 3524 est
226 3471 341 3524 hicz
1627 3474 1630 3478 ’
