2320 3822
496 863 597 932 De
652 861 1047 948 condicione,
1095 864 1264 955 jure,
1312 862 1761 955 jurisdictione

682 995 1008 1061 sociorum
1061 990 1573 1061 Atheniensium.

1070 1260 1100 1326 ξ
1143 1259 1188 1311 1.

315 1337 387 1416 In
437 1364 528 1430 jus
585 1365 636 1414 et
685 1360 1126 1428 jurisdictionem,
1186 1377 1292 1428 qua
1341 1364 1617 1412 uterentur
1665 1360 2075 1414 Atheniensium

173 1458 302 1509 socii
351 1455 678 1525 temporibus
729 1454 992 1506 societatis
1042 1454 1247 1521 prioris,
1306 1471 1427 1506 cum
1478 1454 1654 1522 paullo
1707 1454 1955 1507 subtilius
1993 1457 2074 1507 in-

173 1551 463 1619 quioerem,
532 1549 915 1618 diligenterque
974 1550 1351 1616 perscrutarer,
1420 1548 1591 1615 qualis
1647 1548 1835 1600 fuisset
1891 1565 2075 1601 eorum

169 1661 347 1697 rerum
396 1643 732 1713 publicarum
785 1645 971 1708 statuS,
1019 1642 1105 1693 hic
1154 1642 1283 1693 mihi
1334 1642 1483 1693 locus
1524 1643 1649 1693 satis
1689 1642 1883 1711 dignus
1923 1644 2075 1696 visus

171 1742 266 1806 est,
319 1739 412 1807 qui
463 1738 638 1790 denuo
686 1740 1005 1788 tractaretur.
1083 1735 1220 1787 Nam
1260 1737 1399 1786 viros
1439 1736 1616 1787 doctos
1654 1752 1971 1805 magnopere
2010 1737 2074 1789 de

167 1832 269 1884 hac
305 1849 362 1884 re
398 1833 536 1884 inter
574 1848 628 1883 se
668 1831 1038 1882 dissentientes
1076 1847 1185 1882 non
1226 1831 1589 1896 concesserim,
1635 1830 1772 1881 hanc
1812 1831 2074 1898 quaestio-

169 1942 294 1978 nem
350 1925 417 1976 ad
472 1924 635 1976 finem
690 1924 1019 1992 perduxisse.
1109 1923 1421 1975 Peritissi—mi
1478 1924 1808 1992 antiquitatis
1858 1940 2073 1992 graecae

170 2011 289 2086 viri,
338 2017 695 2069 Kirchhoffius
746 2021 797 2069 et
835 2016 1145 2083 KoehleruS,
1198 2018 1308 2084 qui,
1361 2018 1622 2085 quomodo
1660 2018 2074 2070 Atheniensium

172 2113 391 2164 societas
431 2128 437 2136 ·
455 2113 598 2180 prior
665 2114 776 2162 orta
835 2112 903 2162 sit
959 2114 1118 2178 atque
1174 2111 1379 2179 adulta,
1449 2129 1657 2163 summa
1711 2115 2075 2180 exposuerunt

171 2207 452 2275 sagacitate
508 2209 560 2257 et
616 2205 916 2273 diligentia,
983 2204 1047 2256 de
1109 2206 1228 2272 jure
1285 2209 1336 2256 et
1384 2205 1752 2272 jurisdictione
1810 2206 2072 2257 sociorum

168 2300 580 2353 Atheniensium
627 2315 735 2350 non
787 2299 1205 2367 disputaverunt.
1283 2299 1506 2351 Accedit
1545 2299 1687 2367 quod
1724 2299 1958 2367 titulum,
2013 2301 2071 2351 in

171 2411 276 2463 quo
315 2395 488 2463 agitur
527 2393 591 2445 de
627 2397 779 2461 pacto
818 2392 1231 2445 Atheniensium
1266 2410 1392 2445 cum
1429 2393 1727 2460 Phaselitis,
1777 2392 2070 2446 Koehlerus

168 2488 335 2540 multo
380 2488 577 2539 rectius
628 2490 690 2553 (a.
735 2477 891 2554 1873,
931 2486 1054 2538 VII.
1095 2488 1196 2538 vol.
1237 2487 1503 2555 Hermae),
1564 2504 1725 2556 quam
1774 2492 1896 2540 ante
1946 2505 2071 2540 eum

169 2581 469 2634 Boeckhius
519 2581 709 2646 edidit3
770 2597 875 2649 quo
926 2581 1080 2632 titulo
1119 2581 1352 2633 adhibito
1391 2585 1550 2650 atque
1589 2582 1773 2634 ceteris
1811 2581 1957 2649 lociS,
2012 2582 2070 2633 in

64 2746 67 2748 Β
171 2675 368 2744 quibus
406 2675 580 2743 agitur
617 2675 681 2727 de
720 2675 984 2727 sociorum
1006 2675 1421 2728 Atheniensium
1452 2676 1571 2743 jure
1610 2679 1661 2728 et
1685 2675 2069 2743 jurisdictione,

169 2769 446 2838 diligenter
481 2769 757 2837 pensitatis
797 2785 946 2837 spero
983 2769 1092 2821 fore
1141 2773 1201 2821 ut
1238 2771 1294 2821 in
1333 2770 1431 2821 hac
1472 2770 1779 2838 quaestione
1819 2769 2069 2821 solvenda

168 2863 371 2931 aliquid
407 2862 691 2932 proficiam.

310 2956 393 3008 Ac
441 2957 674 3024 primum
723 2957 959 3008 virorum
1007 2957 1280 3009 doctorum
1332 2958 1504 3009 varias
1554 2957 1617 3009 de
1659 2958 1778 3024 jure
1827 2961 1878 3009 et
1909 2958 2068 3025 juris-

169 3050 397 3102 dictione
454 3050 717 3102 sociorum
766 3050 1180 3103 Atheniensium
1233 3069 1395 3119 quam
1444 3047 1753 3103 brevissime
1805 3067 2067 3120 exponam

169 3144 472 3210 sen-tentiaS,
528 3147 606 3211 ut,
660 3125 770 3211 ‘qua
817 3144 889 3202 de,
928 3161 998 3201 re,
1032 3149 1233 3214 agatur,
1290 3146 1450 3197 lector
1499 3146 1675 3196 statim
1723 3145 1912 3196 videat.
1998 3143 2067 3195 Et

168 3235 468 3289 Boeckhius
507 3237 724 3304 quidem
763 3238 827 3291 de
865 3254 926 3291 ea
973 3255 1029 3290 re
1079 3239 1208 3291 haec
1256 3238 1503 3291 disseruit
1550 3238 1788 3305 (Staatsh.
1829 3237 1874 3304 I,
1912 3238 2062 3303 528):

169 3324 303 3396 „Die
336 3330 847 3391 >immerwahrenden
884 3331 1366 3400 Bundesgenossen
1404 3332 1599 3384 theilen
1639 3332 1750 3383 sich
1785 3332 1843 3381 in
1882 3329 2066 3382 selbst-

107 3407 109 3410 ¹
168 3423 409 3492 standige
447 3421 741 3494 (αὐτόνομοι)
779 3426 894 3477 und
931 3426 1306 3494 unterwsirfige
1346 3424 1601 3493 (ὑπήκοοι).
1681 3423 1830 3492 Ohne
1855 3422 2063 3475 Zweifel

166 3516 347 3577 hatten
403 3517 486 3579 die
533 3523 782 3588 ersteren,
836 3536 932 3571 um
977 3535 1083 3571 von
1136 3519 1256 3571 dem
1301 3517 1681 3572 Unterschiede
1737 3517 1828 3575 der
1872 3516 2063 3570 beiden
