2320 3822
1971 55 2038 107 27

666 193 787 247 εἶναι
825 192 879 246 δὲ
917 198 1216 261 καταστῆσαι
1254 196 1477 264 Σηλυμβ-

664 287 852 358 ριανούς
891 286 1120 356 τὴμπολι-

663 378 792 432 τείαν
832 421 842 432 .
880 421 890 431 .
930 420 941 431 .
978 379 1141 451 τρόπῳ

664 471 761 544 ὅτῳ
800 471 857 526 ἂν
896 472 1148 527 ἐπίστωντ-

667 587 730 619 αι.

290 662 549 714 Videmus
587 664 766 731 igitur,
804 661 1158 714 Athenienses
1191 665 1346 714 sociis
1377 665 1487 715 suis
1520 667 1670 732 pacto
1704 665 2043 731 concessisse,

151 760 209 808 ut
243 772 356 808 rem
392 756 677 824 publicam,
719 757 980 825 quomodo
1020 757 1215 808 vellent
1251 758 1353 825 ipsi
1392 758 1784 810 constituerent.
1855 757 2043 825 Neque

146 850 204 902 in
227 848 655 902 Chalcidensium
694 851 920 918 civitate,
959 867 1134 919 neque
1172 853 1228 902 in
1267 853 1333 903 iis
1373 852 1692 918 civitatibUS,
1734 868 1868 919 quae
1908 852 2045 902 sic-ut

149 942 518 1003 Chalcidenses
555 946 613 995 in
649 962 704 997 re
742 945 956 1013 publica
988 946 1356 997 constituenda
1384 962 1598 1014 prorsus
1625 945 1818 998 liberae
1852 949 2043 1012 essent,

148 1037 558 1090 Atheniensium
595 1039 759 1091 fuisse
799 1041 1037 1107 suspicor
1073 1041 1411 1108 magistratus
1452 1039 1792 1108 (ἐπισκόπους),
1818 1039 1935 1090 'sed
1986 1040 2043 1089 in

114 1194 116 1197 Α
148 1132 214 1183 113
254 1131 395 1199 30113,
444 1134 501 1183 in
553 1133 749 1201 quibus
787 1133 1141 1185 Athenienses
1189 1150 1301 1185 rem
1339 1133 1606 1202 publicam
1643 1134 1700 1184 in
1738 1133 2045 1203 popularem

150 1230 345 1277 statum
381 1227 702 1295 redegerant.

292 1320 398 1379 III.v
467 1321 701 1372 Tertium
741 1322 1003 1372 sociorum
1043 1320 1281 1373 ὑποτελῶν
1319 1338 1490 1390 genus
1527 1322 1629 1373 fuit
1667 1337 1866 1386 eorum,
1916 1336 2045 1387 quo-

147 1430 269 1465 rum
306 1415 364 1465 in
402 1414 706 1466 civitatibus
746 1432 851 1465 non
892 1416 1215 1468 sustulerant
1242 1416 1595 1467 Athenienses
1634 1415 2045 1466 dominationem

148 1523 456 1576 paucorum,
508 1510 622 1561 sine
672 1509 833 1560 dubio
883 1511 982 1561 rati
1032 1511 1153 1578 plus
1201 1511 1463 1578 potentiae
1514 1509 1703 1561 habere
1754 1508 2046 1576 optimates,

150 1619 312 1670 quam
362 1606 423 1654 ut
472 1602 641 1671 plebis
696 1604 998 1671 dominatio,
1047 1604 1110 1655 ab
1158 1605 1288 1672 ipsis
1344 1605 1604 1671 instituta,
1660 1606 1837 1671 posset
1893 1604 2042 1652 stare.

153 1694 296 1757 Quas
335 1696 494 1748 urbes
530 1697 695 1749 fuisse
735 1699 995 1766 suspicior
1031 1715 1139 1749 non
1177 1700 1250 1750 ita
1287 1698 1495 1750 multas.
1574 1697 1734 1764 Sami,
1774 1697 1928 1764 cujus
1964 1696 2047 1745 in-

149 1789 289 1841 colas
346 1792 515 1842 socios
581 1808 720 1858 „non
780 1789 1102 1861 αὐτονόμους(
1151 1793 1315 1844 fuisse
1373 1795 1576 1843 constat
1596 1791 1659 1859 >k),
1717 1791 2047 1842 dominatum

68 1911 70 1913 ·
148 1884 313 1935 fuisse
363 1901 655 1953 paucorum
706 1885 958 1936 traditum
998 1890 1076 1937 est
1114 1903 1144 1937 a
1180 1885 1340 1937 Thuc.
1381 1885 1531 1936 VIII.
1575 1886 1671 1937 21:
1726 1882 1943 1952 ,,ἐγένετο
1993 1881 2047 1934 δὲ

116 1976 273 2029 ’κατὰ
325 1977 404 2029 τὸν
455 1977 629 2049 χρόνον
679 1983 845 2030 τοῦτον
892 1976 973 2030 καὶ
1025 1978 1055 2048 ἡ
1096 1981 1144 2031 ἐν
1184 1978 1337 2049 Σάμῳ
1387 1978 1708 2036 ἐπανάστασις
1755 1981 1840 2029 τοῦ
1890 1975 2045 2046 δήμου

150 2070 245 2129 τοῖς
302 2071 516 2131 δυνατοῖς
575 2070 679 2142 μετ’
737 2070 1064 2141 Ἀθηναίωνίίε
1141 2091 1267 2125 nam
1333 2090 1456 2125 cum
1514 2074 1824 2125 seditionem
1879 2070 2048 2140 plebis

151 2169 333 2216 contra
351 2167 626 2234 optimates
666 2166 727 2234 (οἱ
757 2165 965 2235 δυνατοί)
1007 2172 1171 2219 ortam
1204 2184 1317 2220 esse
1350 2168 1505 2235 dicat,
1546 2183 1818 2219 summum
1841 2165 2047 2233 imperii

151 2259 316 2312 fuisse
371 2276 534 2328 penes
593 2262 868 2328 optimates
926 2262 1354 2314 concludendum
1423 2266 1514 2313 est.
1621 2260 1810 2328 Neque
1868 2259 2047 2310 minus

149 2356 370 2405 testatur
405 2353 564 2406 Thuc.
605 2354 759 2422 VIII,
797 2356 884 2422 63,
924 2357 975 2422 3,
1014 2356 1155 2424 apud
1194 2355 1396 2408 Samios
1433 2356 1597 2408 fuisse
1636 2354 2047 2405 dominationem

149 2463 468 2515 paucorum:
518 2445 726 2518 ,,κοιίπερ’
761 2448 1118 2508 ἐπαναστάντας
1157 2448 1330 2508 αὐτοὺς
1371 2449 1496 2518 (τούς
1534 2446 1763 2518 Σαμίους)
1804 2445 2046 2515 ἀλλήλοις,

146 2539 227 2593 ἵνα
265 2541 332 2611 μή
372 2539 768 2613 ὀλι*ίαρχῶνται“,
797 2543 958 2595 verba
975 2545 1146 2596 enim:
1187 2543 1293 2608 ,ξένα
1333 2543 1399 2614 μὴ
1439 2542 1819 2614 ὀλιγαρχῶνταιίί
1842 2541 2046 2606 docent,

151 2634 355 2687 Samios
403 2651 463 2688 00
513 2640 762 2705 tempore,
811 2654 916 2706 quo
965 2639 1276 2691 seditionem
1320 2639 1567 2705 fecerant,
1619 2637 1718 2689 sub
1756 2654 2044 2706 paucorum

149 2729 315 2782 fuisse
372 2730 663 2798 dominam,
722 2747 846 2783 cum
903 2731 968 2783 ob
1018 2733 1155 2784 hanc
1203 2734 1375 2801 ipsam
1432 2749 1663 2799 causam,
1720 2748 1787 2783 ne
1846 2732 2046 2782 diutius

152 2839 361 2876 summa
406 2825 614 2893 imperii
659 2841 822 2893 penes
870 2827 1145 2893 optimates
1196 2830 1348 2893 esset,
1414 2826 1662 2878 fecissent
1718 2826 2042 2877 seditionem.

150 2917 230 2969 Ea
279 2922 473 2986 autem,
527 2935 663 2987 quae
713 2918 978 2971 Diodorus
1026 2920 1199 2987 tradit,
1251 2922 1408 2972 etiam
1458 2925 1576 2988 post
1624 2919 1838 2971 alteram
1889 2935 2046 2986 expe-

153 3011 406 3064 ditionem
455 3017 636 3064 contra
675 3013 891 3065 Samum
930 3013 1284 3066 Athenienses
1323 3014 1620 3066 Samiorum
1668 3012 2045 3081 rempublicam

151 3106 207 3156 in
254 3106 560 3174 popularem
624 3110 819 3158 statum
876 3108 1142 3176 redegisse
1193 3107 1362 3175 (Diod.
1416 3106 1544 3174 XII,
1583 3108 1670 3173 28,
1708 3107 1769 3157 4:
1829 3102 1910 3156 καὶ
1961 3103 2043 3171 τήν

270 3347 311 3404 *)
343 3347 478 3392 Thuo.
511 3349 636 3405 VIII,
682 3352 760 3396 21:
806 3347 1067 3410 ,Ἀθηναίων
1114 3352 1300 3408 τεσφίσιν
1350 3348 1608 3408 αὐτονομίαν
1656 3346 1764 3407 μετὰ
1809 3350 1944 3390 ταῦτα
1990 3343 2044 3393 ὡς

156 3422 341 3480 βεβαίοις
372 3417 456 3481 ἤδη
480 3417 842 3482 ψηφισαμένωνᾶε
879 3435 1011 3478 quare
1041 3436 1116 3466 eos
1147 3423 1272 3465 antea
1303 3420 1655 3479 concludendum
1686 3418 1755 3461 est
1784 3417 1925 3461 fuisse
1956 3430 2043 3459 non

94 3495 95 3498 ’
156 3490 430 3552 αὐτονόμους,
463 3507 493 3536 1.
525 3506 562 3536 e.
596 3490 828 3543 ὑποτελεῖς.
