<?xml version="1.0" encoding="UTF-8"?>
<!DOCTYPE html PUBLIC "-//W3C//DTD XHTML 1.0 Transitional//EN"
    "http://www.w3.org/TR/xhtml1/DTD/xhtml1-transitional.dtd">
<html xmlns="http://www.w3.org/1999/xhtml" xml:lang="en" lang="en">
 <head>
  <title>
</title>
<meta http-equiv="Content-Type" content="text/html;charset=utf-8" />
  <meta name='ocr-system' content='tesseract 3.04.00' />
  <meta name='ocr-capabilities' content='ocr_page ocr_carea ocr_par ocr_line ocrx_word'/>
</head>
<body>
  <div class='ocr_page' id='page_1' title='image "./deconditionejure00frae_0060.png"; bbox 0 0 2320 3822; ppageno 0'>
   <div class='ocr_carea' id='block_1_1' title="bbox 297 45 367 97">
    <p class='ocr_par' dir='ltr' id='par_1_1' title="bbox 297 45 367 97">
     <span class='ocr_line' id='line_1_1' title="bbox 297 45 367 97; baseline 0 0"><span class='ocrx_word' id='word_1_1' title='bbox 297 45 367 97; x_wconf 81' lang='lat'>56</span> 
     </span>
    </p>
   </div>
   <div class='ocr_carea' id='block_1_2' title="bbox 294 178 2214 3289">
    <p class='ocr_par' dir='ltr' id='par_1_2' title="bbox 296 178 2202 352">
     <span class='ocr_line' id='line_1_2' title="bbox 296 178 2202 260; baseline -0.001 -18"><span class='ocrx_word' id='word_1_2' title='bbox 296 189 412 242; x_wconf 89' lang='lat' dir='ltr'>illos</span> <span class='ocrx_word' id='word_1_3' title='bbox 476 190 534 240; x_wconf 92' lang='lat' dir='ltr'>in</span> <span class='ocrx_word' id='word_1_4' title='bbox 604 186 759 248; x_wconf 77' lang='grc' dir='ltr'>δίκαις</span> <span class='ocrx_word' id='word_1_5' title='bbox 817 187 913 240; x_wconf 82' lang='grc' dir='ltr'>ἀπὸ</span> <span class='ocrx_word' id='word_1_6' title='bbox 982 187 1230 260; x_wconf 75' lang='grc' dir='ltr'>ξυμβόλων</span> <span class='ocrx_word' id='word_1_7' title='bbox 1286 190 1614 242; x_wconf 70' lang='lat' dir='ltr'>instruendis</span> <span class='ocrx_word' id='word_1_8' title='bbox 1658 178 1910 258; x_wconf 78' lang='lat' dir='ltr'>judieum</span> <span class='ocrx_word' id='word_1_9' title='bbox 1966 187 2202 242; x_wconf 82' lang='lat' dir='ltr'>consilio-</span> 
     </span>
     <span class='ocr_line' id='line_1_3' title="bbox 296 283 1723 352; baseline -0.001 -15"><span class='ocrx_word' id='word_1_10' title='bbox 296 285 518 337; x_wconf 85' lang='lat' dir='ltr'>Judioes</span> <span class='ocrx_word' id='word_1_11' title='bbox 557 288 736 336; x_wconf 85' lang='lat' dir='ltr'>autem</span> <span class='ocrx_word' id='word_1_12' title='bbox 773 284 876 352; x_wconf 83' lang='lat' dir='ltr'>ipsi</span> <span class='ocrx_word' id='word_1_13' title='bbox 917 285 1058 336; x_wconf 78' lang='lat' dir='ltr'>cives</span> <span class='ocrx_word' id='word_1_14' title='bbox 1097 283 1245 336; x_wconf 83' lang='lat' dir='ltr'>urbis</span> <span class='ocrx_word' id='word_1_15' title='bbox 1283 286 1454 337; x_wconf 80' lang='lat' dir='ltr'>sociae</span> <span class='ocrx_word' id='word_1_16' title='bbox 1491 285 1723 336; x_wconf 87' lang='lat' dir='ltr'>fuerunt.</span> 
     </span>
    </p>

    <p class='ocr_par' dir='ltr' id='par_1_3' title="bbox 294 378 2214 3289">
     <span class='ocr_line' id='line_1_4' title="bbox 441 378 2206 446; baseline 0 -16"><span class='ocrx_word' id='word_1_17' title='bbox 441 378 563 430; x_wconf 82' lang='lat' dir='ltr'>Jam</span> <span class='ocrx_word' id='word_1_18' title='bbox 620 382 951 430; x_wconf 80' lang='lat' dir='ltr'>transeamus</span> <span class='ocrx_word' id='word_1_19' title='bbox 1009 378 1074 429; x_wconf 81' lang='lat' dir='ltr'>ad</span> <span class='ocrx_word' id='word_1_20' title='bbox 1123 378 1448 445; x_wconf 77' lang='lat' dir='ltr'>Thucydidis</span> <span class='ocrx_word' id='word_1_21' title='bbox 1505 379 1682 431; x_wconf 78' lang='lat' dir='ltr'>locum</span> <span class='ocrx_word' id='word_1_22' title='bbox 1727 378 1772 446; x_wconf 92' lang='grc' dir='ltr'>Ι,</span> <span class='ocrx_word' id='word_1_23' title='bbox 1823 379 1907 446; x_wconf 88' lang='grc'>77,</span> <span class='ocrx_word' id='word_1_24' title='bbox 1960 379 1985 430; x_wconf 95' lang='grc'>1</span> <span class='ocrx_word' id='word_1_25' title='bbox 2046 379 2206 431; x_wconf 87' lang='lat' dir='ltr'>inter-</span> 
     </span>
     <span class='ocr_line' id='line_1_5' title="bbox 296 473 2208 543; baseline 0 -17"><span class='ocrx_word' id='word_1_26' title='bbox 296 474 631 543; x_wconf 86' lang='lat' dir='ltr'>pretandum,</span> <span class='ocrx_word' id='word_1_27' title='bbox 691 490 796 541; x_wconf 89' lang='lat' dir='ltr'>quo</span> <span class='ocrx_word' id='word_1_28' title='bbox 850 474 913 525; x_wconf 92' lang='lat' dir='ltr'>de</span> <span class='ocrx_word' id='word_1_29' title='bbox 952 474 1127 525; x_wconf 78' lang='lat' dir='ltr'>causis</span> <span class='ocrx_word' id='word_1_30' title='bbox 1166 474 1356 542; x_wconf 83' lang='lat' dir='ltr'>agitur,</span> <span class='ocrx_word' id='word_1_31' title='bbox 1415 490 1551 542; x_wconf 85' lang='lat' dir='ltr'>quae</span> <span class='ocrx_word' id='word_1_32' title='bbox 1590 478 1738 525; x_wconf 81' lang='lat' dir='ltr'>erant</span> <span class='ocrx_word' id='word_1_33' title='bbox 1773 474 1912 525; x_wconf 89' lang='lat' dir='ltr'>inter</span> <span class='ocrx_word' id='word_1_34' title='bbox 1949 473 2118 525; x_wconf 83' lang='lat' dir='ltr'>socios</span> <span class='ocrx_word' id='word_1_35' title='bbox 2156 478 2208 526; x_wconf 87' lang='lat' dir='ltr'>et</span> 
     </span>
     <span class='ocr_line' id='line_1_6' title="bbox 296 567 2206 637; baseline 0 -17"><span class='ocrx_word' id='word_1_36' title='bbox 296 569 669 634; x_wconf 76' lang='lat' dir='ltr'>AthenienseS,</span> <span class='ocrx_word' id='word_1_37' title='bbox 727 584 787 618; x_wconf 79' lang='lat' dir='ltr'>ao</span> <span class='ocrx_word' id='word_1_38' title='bbox 825 567 1120 635; x_wconf 73' lang='lat' dir='ltr'>videamus,</span> <span class='ocrx_word' id='word_1_39' title='bbox 1176 571 1359 619; x_wconf 86' lang='lat' dir='ltr'>utrum</span> <span class='ocrx_word' id='word_1_40' title='bbox 1406 568 1786 620; x_wconf 81' lang='lat' dir='ltr'>confirmentur</span> <span class='ocrx_word' id='word_1_41' title='bbox 1836 585 1914 635; x_wconf 75' lang='lat' dir='ltr'>ea,</span> <span class='ocrx_word' id='word_1_42' title='bbox 1963 583 2099 637; x_wconf 82' lang='lat' dir='ltr'>quae</span> <span class='ocrx_word' id='word_1_43' title='bbox 2137 584 2206 620; x_wconf 80' lang='lat' dir='ltr'>ex</span> 
     </span>
     <span class='ocr_line' id='line_1_7' title="bbox 297 645 2207 732; baseline -0.001 -16"><span class='ocrx_word' id='word_1_44' title='bbox 297 663 642 732; x_wconf 85' lang='lat' dir='ltr'>Antiphontis</span> <span class='ocrx_word' id='word_1_45' title='bbox 709 662 823 713; x_wconf 77' lang='lat' dir='ltr'>loco</span> <span class='ocrx_word' id='word_1_46' title='bbox 894 662 957 714; x_wconf 86' lang='lat' dir='ltr'>de</span> <span class='ocrx_word' id='word_1_47' title='bbox 1024 663 1283 729; x_wconf 86' lang='lat' dir='ltr'>ejusmodi</span> <span class='ocrx_word' id='word_1_48' title='bbox 1358 663 1533 714; x_wconf 82' lang='lat' dir='ltr'>causis</span> <span class='ocrx_word' id='word_1_49' title='bbox 1603 662 1926 731; x_wconf 83' lang='lat' dir='ltr'>collegimus.</span> <span class='ocrx_word' id='word_1_50' title='bbox 2032 645 2207 714; x_wconf 78' lang='lat' dir='ltr'>Loous</span> 
     </span>
     <span class='ocr_line' id='line_1_8' title="bbox 295 754 2207 827; baseline -0.001 -18"><span class='ocrx_word' id='word_1_51' title='bbox 295 757 620 824; x_wconf 79' lang='lat' dir='ltr'>Thucydidis</span> <span class='ocrx_word' id='word_1_52' title='bbox 659 761 737 808; x_wconf 85' lang='lat' dir='ltr'>est</span> <span class='ocrx_word' id='word_1_53' title='bbox 774 757 883 808; x_wconf 85' lang='lat' dir='ltr'>hic:</span> <span class='ocrx_word' id='word_1_54' title='bbox 925 756 970 823; x_wconf 91' lang='lat' dir='ltr'>I,</span> <span class='ocrx_word' id='word_1_55' title='bbox 993 757 1078 824; x_wconf 93' lang='lat'>77,</span> <span class='ocrx_word' id='word_1_56' title='bbox 1103 758 1158 809; x_wconf 84' lang='lat'>1:</span> <span class='ocrx_word' id='word_1_57' title='bbox 1199 754 1311 820; x_wconf 61' lang='lat' dir='ltr'>„mi</span> <span class='ocrx_word' id='word_1_58' title='bbox 1351 755 1698 825; x_wconf 79' lang='grc' dir='ltr'>ἐλασσούμενοι</span> <span class='ocrx_word' id='word_1_59' title='bbox 1734 756 1826 827; x_wconf 76' lang='grc' dir='ltr'>γὰρ</span> <span class='ocrx_word' id='word_1_60' title='bbox 1866 758 1916 808; x_wconf 82' lang='grc' dir='ltr'>ἐν</span> <span class='ocrx_word' id='word_1_61' title='bbox 1955 758 2057 816; x_wconf 84' lang='grc' dir='ltr'>ταῖς</span> <span class='ocrx_word' id='word_1_62' title='bbox 2097 760 2207 827; x_wconf 76' lang='grc' dir='ltr'>ξυμ-</span> 
     </span>
     <span class='ocr_line' id='line_1_9' title="bbox 295 848 2207 923; baseline -0.001 -19"><span class='ocrx_word' id='word_1_63' title='bbox 295 850 515 923; x_wconf 81' lang='grc' dir='ltr'>βολαίαις</span> <span class='ocrx_word' id='word_1_64' title='bbox 554 851 671 921; x_wconf 84' lang='grc' dir='ltr'>πρὸς</span> <span class='ocrx_word' id='word_1_65' title='bbox 710 850 818 910; x_wconf 74' lang='grc' dir='ltr'>τοὺς</span> <span class='ocrx_word' id='word_1_66' title='bbox 857 850 1136 923; x_wconf 76' lang='grc' dir='ltr'>ξυμμάχους</span> <span class='ocrx_word' id='word_1_67' title='bbox 1177 849 1346 914; x_wconf 79' lang='grc' dir='ltr'><strong>δίκαις,</strong></span> <span class='ocrx_word' id='word_1_68' title='bbox 1400 848 1483 902; x_wconf 80' lang='grc' dir='ltr'>καὶ</span> <span class='ocrx_word' id='word_1_69' title='bbox 1520 848 1629 920; x_wconf 79' lang='grc' dir='ltr'>παρ’</span> <span class='ocrx_word' id='word_1_70' title='bbox 1673 848 1785 919; x_wconf 80' lang='grc' dir='ltr'>ἡμῖν</span> <span class='ocrx_word' id='word_1_71' title='bbox 1826 849 1985 910; x_wconf 79' lang='grc' dir='ltr'>αὐτοῖς</span> <span class='ocrx_word' id='word_1_72' title='bbox 2024 853 2074 903; x_wconf 82' lang='grc' dir='ltr'>ἐν</span> <span class='ocrx_word' id='word_1_73' title='bbox 2110 852 2207 910; x_wconf 82' lang='grc' dir='ltr'>τοῖς</span> 
     </span>
     <span class='ocr_line' id='line_1_10' title="bbox 296 944 2208 1017; baseline -0.001 -17"><span class='ocrx_word' id='word_1_74' title='bbox 296 946 476 1017; x_wconf 80' lang='grc' dir='ltr'>ὁμοίοις</span> <span class='ocrx_word' id='word_1_75' title='bbox 514 945 675 1016; x_wconf 87' lang='grc' dir='ltr'>νόμοις</span> <span class='ocrx_word' id='word_1_76' title='bbox 714 945 998 1015; x_wconf 78' lang='grc' dir='ltr'>ποιήσαντες</span> <span class='ocrx_word' id='word_1_77' title='bbox 1037 946 1120 1005; x_wconf 75' lang='grc' dir='ltr'>τὰς</span> <span class='ocrx_word' id='word_1_78' title='bbox 1159 944 1349 1017; x_wconf 78' lang='grc' dir='ltr'>κρίσεις,</span> <span class='ocrx_word' id='word_1_79' title='bbox 1399 946 1662 1016; x_wconf 72' lang='grc' dir='ltr'>φιλοδικεῖν</span> <span class='ocrx_word' id='word_1_80' title='bbox 1701 947 1984 1014; x_wconf 74' lang='grc' dir='ltr'>ὃοκοόμεν.“</span> <span class='ocrx_word' id='word_1_81' title='bbox 2059 945 2208 1008; x_wconf 75' lang='lat' dir='ltr'>Quae</span> 
     </span>
     <span class='ocr_line' id='line_1_11' title="bbox 294 1040 2204 1110; baseline 0 -18"><span class='ocrx_word' id='word_1_82' title='bbox 294 1042 456 1095; x_wconf 80' lang='lat' dir='ltr'>verba</span> <span class='ocrx_word' id='word_1_83' title='bbox 495 1041 798 1093; x_wconf 82' lang='lat' dir='ltr'>Classenius</span> <span class='ocrx_word' id='word_1_84' title='bbox 848 1043 921 1093; x_wconf 80' lang='lat' dir='ltr'>ita</span> <span class='ocrx_word' id='word_1_85' title='bbox 968 1046 1047 1093; x_wconf 84' lang='lat' dir='ltr'>est</span> <span class='ocrx_word' id='word_1_86' title='bbox 1093 1043 1468 1110; x_wconf 81' lang='lat' dir='ltr'>interpretatus</span> <span class='ocrx_word' id='word_1_87' title='bbox 1508 1041 1581 1107; x_wconf 89' lang='lat' dir='ltr'>(in</span> <span class='ocrx_word' id='word_1_88' title='bbox 1622 1040 1854 1092; x_wconf 80' lang='lat' dir='ltr'>editione</span> <span class='ocrx_word' id='word_1_89' title='bbox 1893 1057 1991 1092; x_wconf 90' lang='lat' dir='ltr'>sua</span> <span class='ocrx_word' id='word_1_90' title='bbox 2029 1040 2204 1092; x_wconf 83' lang='lat' dir='ltr'>adnot.</span> 
     </span>
     <span class='ocr_line' id='line_1_12' title="bbox 296 1135 2208 1205; baseline -0.001 -17"><span class='ocrx_word' id='word_1_91' title='bbox 296 1155 339 1189; x_wconf 83' lang='lat' dir='ltr'>a.</span> <span class='ocrx_word' id='word_1_92' title='bbox 382 1138 430 1188; x_wconf 91' lang='lat' dir='ltr'>h.</span> <span class='ocrx_word' id='word_1_93' title='bbox 472 1136 552 1203; x_wconf 84' lang='lat' dir='ltr'><strong>l.):</strong></span> <span class='ocrx_word' id='word_1_94' title='bbox 606 1135 748 1203; x_wconf 87' lang='lat' dir='ltr'>„Der</span> <span class='ocrx_word' id='word_1_95' title='bbox 784 1135 995 1188; x_wconf 83' lang='lat' dir='ltr'>Redner</span> <span class='ocrx_word' id='word_1_96' title='bbox 1033 1140 1171 1204; x_wconf 80' lang='lat' dir='ltr'>sagt:</span> <span class='ocrx_word' id='word_1_97' title='bbox 1218 1135 1505 1205; x_wconf 79' lang='lat' dir='ltr'>„Obgleich</span> <span class='ocrx_word' id='word_1_98' title='bbox 1544 1137 1641 1187; x_wconf 87' lang='lat' dir='ltr'>wir</span> <span class='ocrx_word' id='word_1_99' title='bbox 1679 1152 1783 1187; x_wconf 88' lang='lat' dir='ltr'>uns</span> <span class='ocrx_word' id='word_1_100' title='bbox 1822 1135 2096 1188; x_wconf 85' lang='lat' dir='ltr'>einerseits</span> <span class='ocrx_word' id='word_1_101' title='bbox 2134 1135 2208 1187; x_wconf 91' lang='lat' dir='ltr'>im</span> 
     </span>
     <span class='ocr_line' id='line_1_13' title="bbox 295 1229 2207 1299; baseline -0.001 -15"><span class='ocrx_word' id='word_1_102' title='bbox 295 1231 572 1284; x_wconf 80' lang='lat' dir='ltr'>Nachtheil</span> <span class='ocrx_word' id='word_1_103' title='bbox 610 1230 858 1283; x_wconf 90' lang='lat' dir='ltr'>befinden</span> <span class='ocrx_word' id='word_1_104' title='bbox 892 1231 949 1282; x_wconf 90' lang='lat' dir='ltr'>in</span> <span class='ocrx_word' id='word_1_105' title='bbox 982 1231 1100 1282; x_wconf 82' lang='lat' dir='ltr'>dem</span> <span class='ocrx_word' id='word_1_106' title='bbox 1133 1231 1219 1282; x_wconf 76' lang='lat' dir='ltr'>fi&#39;u·</span> <span class='ocrx_word' id='word_1_107' title='bbox 1239 1230 1323 1282; x_wconf 90' lang='lat' dir='ltr'>die</span> <span class='ocrx_word' id='word_1_108' title='bbox 1344 1230 1829 1299; x_wconf 80' lang='lat' dir='ltr'>Bundesgenossen</span> <span class='ocrx_word' id='word_1_109' title='bbox 1850 1229 2207 1282; x_wconf 87' lang='lat' dir='ltr'>bestehenden</span> 
     </span>
     <span class='ocr_line' id='line_1_14' title="bbox 295 1325 2211 1394; baseline 0 -18"><span class='ocrx_word' id='word_1_110' title='bbox 295 1325 1378 1394; x_wconf 54' lang='lat' dir='ltr'>vertragsmssissigen&#39;Geriohtsverfahreffl</span> <span class='ocrx_word' id='word_1_111' title='bbox 1421 1326 1671 1392; x_wconf 86' lang='lat' dir='ltr'>(insofern</span> <span class='ocrx_word' id='word_1_112' title='bbox 1710 1326 1809 1376; x_wconf 85' lang='lat' dir='ltr'>wir</span> <span class='ocrx_word' id='word_1_113' title='bbox 1845 1342 1951 1376; x_wconf 86' lang='lat' dir='ltr'>von</span> <span class='ocrx_word' id='word_1_114' title='bbox 1990 1341 2211 1377; x_wconf 90' lang='lat' dir='ltr'>unserer</span> 
     </span>
     <span class='ocr_line' id='line_1_15' title="bbox 296 1419 2212 1489; baseline -0.001 -16"><span class='ocrx_word' id='word_1_115' title='bbox 296 1420 650 1473; x_wconf 85' lang='lat' dir='ltr'>Uebermaoht</span> <span class='ocrx_word' id='word_1_116' title='bbox 705 1420 899 1472; x_wconf 85' lang='lat' dir='ltr'>keinen</span> <span class='ocrx_word' id='word_1_117' title='bbox 959 1419 1239 1472; x_wconf 82' lang='lat' dir='ltr'>Gebrauoh</span> <span class='ocrx_word' id='word_1_118' title='bbox 1296 1420 1557 1487; x_wconf 80' lang='lat' dir='ltr'>macheu),</span> <span class='ocrx_word' id='word_1_119' title='bbox 1620 1421 1765 1487; x_wconf 86' lang='lat' dir='ltr'>„und</span> <span class='ocrx_word' id='word_1_120' title='bbox 1825 1419 2066 1489; x_wconf 85' lang='lat' dir='ltr'>obgleioh</span> <span class='ocrx_word' id='word_1_121' title='bbox 2114 1421 2212 1471; x_wconf 82' lang='lat' dir='ltr'>wir</span> 
     </span>
     <span class='ocr_line' id='line_1_16' title="bbox 295 1513 2211 1585; baseline -0.001 -18"><span class='ocrx_word' id='word_1_122' title='bbox 295 1515 382 1567; x_wconf 74' lang='lat' dir='ltr'>fiir</span> <span class='ocrx_word' id='word_1_123' title='bbox 419 1517 494 1567; x_wconf 91' lang='lat' dir='ltr'>sie</span> <span class='ocrx_word' id='word_1_124' title='bbox 533 1515 880 1567; x_wconf 83' lang='lat' dir='ltr'>andererseits</span> <span class='ocrx_word' id='word_1_125' title='bbox 929 1513 1013 1566; x_wconf 87' lang='lat' dir='ltr'>bei</span> <span class='ocrx_word' id='word_1_126' title='bbox 1066 1532 1167 1566; x_wconf 85' lang='lat' dir='ltr'>uns</span> <span class='ocrx_word' id='word_1_127' title='bbox 1206 1515 1278 1582; x_wconf 91' lang='lat' dir='ltr'>(in</span> <span class='ocrx_word' id='word_1_128' title='bbox 1320 1515 1515 1583; x_wconf 84' lang='lat' dir='ltr'>Athen)</span> <span class='ocrx_word' id='word_1_129' title='bbox 1556 1515 1895 1585; x_wconf 82' lang='lat' dir='ltr'>geriohtliche</span> <span class='ocrx_word' id='word_1_130' title='bbox 1932 1514 2211 1566; x_wconf 79' lang='lat' dir='ltr'>Verhand-</span> 
     </span>
     <span class='ocr_line' id='line_1_17' title="bbox 294 1609 2212 1679; baseline -0.001 -17"><span class='ocrx_word' id='word_1_131' title='bbox 294 1610 498 1679; x_wconf 84' lang='lat' dir='ltr'>lungen</span> <span class='ocrx_word' id='word_1_132' title='bbox 536 1610 673 1661; x_wconf 80' lang='lat' dir='ltr'>nach</span> <span class='ocrx_word' id='word_1_133' title='bbox 711 1609 952 1678; x_wconf 81' lang='lat' dir='ltr'>gleiohen</span> <span class='ocrx_word' id='word_1_134' title='bbox 993 1610 1251 1665; x_wconf 84' lang='lat' dir='ltr'>Gesetzen</span> <span class='ocrx_word' id='word_1_135' title='bbox 1292 1610 1615 1679; x_wconf 82' lang='lat' dir='ltr'>angeordnet</span> <span class='ocrx_word' id='word_1_136' title='bbox 1652 1609 1843 1675; x_wconf 81' lang='lat' dir='ltr'>haben,</span> <span class='ocrx_word' id='word_1_137' title='bbox 1893 1609 2076 1661; x_wconf 84' lang='lat' dir='ltr'>stehen</span> <span class='ocrx_word' id='word_1_138' title='bbox 2113 1609 2212 1660; x_wconf 88' lang='lat' dir='ltr'>wir</span> 
     </span>
     <span class='ocr_line' id='line_1_18' title="bbox 297 1701 2211 1757; baseline 0 -1"><span class='ocrx_word' id='word_1_139' title='bbox 297 1705 431 1756; x_wconf 87' lang='lat' dir='ltr'>dooh</span> <span class='ocrx_word' id='word_1_140' title='bbox 487 1705 562 1755; x_wconf 89' lang='lat' dir='ltr'>im</span> <span class='ocrx_word' id='word_1_141' title='bbox 612 1703 749 1756; x_wconf 85' lang='lat' dir='ltr'>Rufe</span> <span class='ocrx_word' id='word_1_142' title='bbox 802 1705 892 1756; x_wconf 87' lang='lat' dir='ltr'>der</span> <span class='ocrx_word' id='word_1_143' title='bbox 931 1704 1110 1757; x_wconf 81' lang='lat' dir='ltr'>Streit-</span> <span class='ocrx_word' id='word_1_144' title='bbox 1159 1705 1271 1756; x_wconf 88' lang='lat' dir='ltr'>und</span> <span class='ocrx_word' id='word_1_145' title='bbox 1309 1704 1731 1756; x_wconf 60' lang='lat' dir='ltr'>Handelsuohtf‘</span> <span class='ocrx_word' id='word_1_146' title='bbox 1794 1735 1862 1740; x_wconf 80' lang='lat'>—-</span> <span class='ocrx_word' id='word_1_147' title='bbox 1919 1701 2028 1755; x_wconf 84' lang='lat' dir='ltr'>Das</span> <span class='ocrx_word' id='word_1_148' title='bbox 2075 1707 2211 1756; x_wconf 85' lang='lat' dir='ltr'>erste</span> 
     </span>
     <span class='ocr_line' id='line_1_19' title="bbox 296 1795 2209 1869; baseline -0.001 -19"><span class='ocrx_word' id='word_1_149' title='bbox 296 1799 602 1851; x_wconf 61' lang='lat' dir='ltr'>Verhii-ltnis</span> <span class='ocrx_word' id='word_1_150' title='bbox 639 1799 846 1851; x_wconf 86' lang='lat' dir='ltr'>bezieht</span> <span class='ocrx_word' id='word_1_151' title='bbox 886 1800 997 1850; x_wconf 85' lang='lat' dir='ltr'>sioh</span> <span class='ocrx_word' id='word_1_152' title='bbox 1037 1800 1173 1851; x_wconf 91' lang='lat' dir='ltr'>ohne</span> <span class='ocrx_word' id='word_1_153' title='bbox 1195 1798 1404 1851; x_wconf 85' lang='lat' dir='ltr'>Zweifel</span> <span class='ocrx_word' id='word_1_154' title='bbox 1444 1799 1541 1850; x_wconf 82' lang='lat' dir='ltr'>auf</span> <span class='ocrx_word' id='word_1_155' title='bbox 1567 1799 1651 1850; x_wconf 90' lang='lat' dir='ltr'>die</span> <span class='ocrx_word' id='word_1_156' title='bbox 1672 1795 2209 1869; x_wconf 74' lang='grc' dir='ltr'>ξόμμαχοιαύτόνομοι,</span> 
     </span>
     <span class='ocr_line' id='line_1_20' title="bbox 297 1891 2212 1962; baseline -0.003 -14"><span class='ocrx_word' id='word_1_157' title='bbox 297 1896 389 1948; x_wconf 83' lang='lat' dir='ltr'>das</span> <span class='ocrx_word' id='word_1_158' title='bbox 447 1895 629 1946; x_wconf 83' lang='lat' dir='ltr'>zweite</span> <span class='ocrx_word' id='word_1_159' title='bbox 687 1894 783 1945; x_wconf 82' lang='lat' dir='ltr'>auf</span> <span class='ocrx_word' id='word_1_160' title='bbox 825 1895 909 1946; x_wconf 91' lang='lat' dir='ltr'>die</span> <span class='ocrx_word' id='word_1_161' title='bbox 958 1892 1164 1962; x_wconf 76' lang='grc' dir='ltr'>ὑπήκοοι</span> <span class='ocrx_word' id='word_1_162' title='bbox 1213 1893 1338 1945; x_wconf 85' lang='lat' dir='ltr'>oder</span> <span class='ocrx_word' id='word_1_163' title='bbox 1386 1891 1677 1952; x_wconf 81' lang='grc' dir='ltr'>ὑποτελεῖς.“</span> <span class='ocrx_word' id='word_1_164' title='bbox 1753 1892 1854 1944; x_wconf 83' lang='lat' dir='ltr'>Sed</span> <span class='ocrx_word' id='word_1_165' title='bbox 1906 1891 2212 1944; x_wconf 86' lang='lat' dir='ltr'>Classenius</span> 
     </span>
     <span class='ocr_line' id='line_1_21' title="bbox 295 1987 2211 2055; baseline -0.001 -13"><span class='ocrx_word' id='word_1_166' title='bbox 295 2007 403 2042; x_wconf 89' lang='lat' dir='ltr'>non</span> <span class='ocrx_word' id='word_1_167' title='bbox 469 1990 655 2042; x_wconf 83' lang='lat' dir='ltr'>leviter</span> <span class='ocrx_word' id='word_1_168' title='bbox 721 1990 926 2041; x_wconf 81' lang='lat' dir='ltr'>erravit.</span> <span class='ocrx_word' id='word_1_169' title='bbox 1023 1988 1266 2040; x_wconf 88' lang='lat' dir='ltr'>Primum</span> <span class='ocrx_word' id='word_1_170' title='bbox 1323 1989 1467 2039; x_wconf 87' lang='lat' dir='ltr'>enim</span> <span class='ocrx_word' id='word_1_171' title='bbox 1525 1987 2057 2039; x_wconf 79' lang='lat' dir='ltr'>animadvertendum</span> <span class='ocrx_word' id='word_1_172' title='bbox 2115 1992 2211 2055; x_wconf 86' lang='lat' dir='ltr'>est,</span> 
     </span>
     <span class='ocr_line' id='line_1_22' title="bbox 298 2082 2211 2152; baseline -0.002 -14"><span class='ocrx_word' id='word_1_173' title='bbox 298 2086 611 2138; x_wconf 81' lang='lat' dir='ltr'>sententiam</span> <span class='ocrx_word' id='word_1_174' title='bbox 669 2086 807 2152; x_wconf 83' lang='lat' dir='ltr'>ejus:</span> <span class='ocrx_word' id='word_1_175' title='bbox 873 2083 1014 2151; x_wconf 82' lang='lat' dir='ltr'>„Das</span> <span class='ocrx_word' id='word_1_176' title='bbox 1066 2088 1200 2135; x_wconf 84' lang='lat' dir='ltr'>erste</span> <span class='ocrx_word' id='word_1_177' title='bbox 1239 2083 1545 2135; x_wconf 59' lang='lat' dir='ltr'>Verhtiltnis</span> <span class='ocrx_word' id='word_1_178' title='bbox 1592 2082 1800 2134; x_wconf 87' lang='lat' dir='ltr'>bezieht</span> <span class='ocrx_word' id='word_1_179' title='bbox 1847 2083 1957 2134; x_wconf 81' lang='lat' dir='ltr'>sich</span> <span class='ocrx_word' id='word_1_180' title='bbox 1999 2082 2095 2134; x_wconf 87' lang='lat' dir='ltr'>auf</span> <span class='ocrx_word' id='word_1_181' title='bbox 2126 2083 2211 2135; x_wconf 93' lang='lat' dir='ltr'>die</span> 
     </span>
     <span class='ocr_line' id='line_1_23' title="bbox 297 2157 2214 2251; baseline -0.003 -18"><span class='ocrx_word' id='word_1_182' title='bbox 297 2180 549 2251; x_wconf 75' lang='grc' dir='ltr'>σύμμαχοι</span> <span class='ocrx_word' id='word_1_183' title='bbox 589 2177 860 2248; x_wconf 80' lang='grc' dir='ltr'>αὐτόνομοι,</span> <span class='ocrx_word' id='word_1_184' title='bbox 910 2179 1003 2230; x_wconf 81' lang='lat' dir='ltr'>das</span> <span class='ocrx_word' id='word_1_185' title='bbox 1055 2179 1237 2230; x_wconf 80' lang='lat' dir='ltr'>zweite</span> <span class='ocrx_word' id='word_1_186' title='bbox 1288 2177 1383 2229; x_wconf 82' lang='lat' dir='ltr'>auf</span> <span class='ocrx_word' id='word_1_187' title='bbox 1429 2177 1514 2229; x_wconf 90' lang='lat' dir='ltr'>die</span> <span class='ocrx_word' id='word_1_188' title='bbox 1553 2176 1804 2248; x_wconf 74' lang='grc' dir='ltr'>σύμμαχοι</span> <span class='ocrx_word' id='word_1_189' title='bbox 1845 2176 2050 2246; x_wconf 80' lang='grc' dir='ltr'>ὑπήκοοι</span> <span class='ocrx_word' id='word_1_190' title='bbox 2088 2157 2214 2230; x_wconf 83' lang='lat' dir='ltr'>oder</span> 
     </span>
     <span class='ocr_line' id='line_1_24' title="bbox 298 2269 2210 2342; baseline -0.003 -15"><span class='ocrx_word' id='word_1_191' title='bbox 298 2274 575 2333; x_wconf 81' lang='grc' dir='ltr'>ὑποτελεῖς“</span> <span class='ocrx_word' id='word_1_192' title='bbox 617 2274 717 2325; x_wconf 89' lang='lat' dir='ltr'>sibi</span> <span class='ocrx_word' id='word_1_193' title='bbox 756 2274 859 2342; x_wconf 88' lang='lat' dir='ltr'>ipsi</span> <span class='ocrx_word' id='word_1_194' title='bbox 895 2289 1216 2342; x_wconf 80' lang='lat' dir='ltr'>repugnare:</span> <span class='ocrx_word' id='word_1_195' title='bbox 1270 2289 1394 2323; x_wconf 85' lang='lat' dir='ltr'>nam</span> <span class='ocrx_word' id='word_1_196' title='bbox 1437 2272 1613 2341; x_wconf 83' lang='lat' dir='ltr'>paullo</span> <span class='ocrx_word' id='word_1_197' title='bbox 1654 2277 1771 2341; x_wconf 85' lang='lat' dir='ltr'>post</span> <span class='ocrx_word' id='word_1_198' title='bbox 1810 2273 1963 2323; x_wconf 81' lang='lat' dir='ltr'>dicit:</span> <span class='ocrx_word' id='word_1_199' title='bbox 2017 2269 2210 2334; x_wconf 80' lang='grc' dir='ltr'>,,αὐτοῖς</span> 
     </span>
     <span class='ocr_line' id='line_1_25' title="bbox 296 2365 2210 2437; baseline -0.003 -15"><span class='ocrx_word' id='word_1_200' title='bbox 296 2372 366 2422; x_wconf 86' lang='grc'>181;</span> <span class='ocrx_word' id='word_1_201' title='bbox 421 2370 569 2421; x_wconf 78' lang='lat' dir='ltr'>nicht</span> <span class='ocrx_word' id='word_1_202' title='bbox 624 2370 721 2420; x_wconf 87' lang='lat' dir='ltr'>mit</span> <span class='ocrx_word' id='word_1_203' title='bbox 771 2367 883 2437; x_wconf 78' lang='grc' dir='ltr'>ἡμῖν</span> <span class='ocrx_word' id='word_1_204' title='bbox 934 2385 1057 2420; x_wconf 85' lang='lat' dir='ltr'>zum</span> <span class='ocrx_word' id='word_1_205' title='bbox 1104 2367 1444 2420; x_wconf 81' lang='lat' dir='ltr'>Reflexivum</span> <span class='ocrx_word' id='word_1_206' title='bbox 1494 2384 1562 2419; x_wconf 88' lang='lat' dir='ltr'>zu</span> <span class='ocrx_word' id='word_1_207' title='bbox 1611 2367 1923 2432; x_wconf 83' lang='lat' dir='ltr'>verbinden,</span> <span class='ocrx_word' id='word_1_208' title='bbox 1981 2365 2210 2417; x_wconf 87' lang='lat' dir='ltr'>sondern</span> 
     </span>
     <span class='ocr_line' id='line_1_26' title="bbox 297 2459 2211 2533; baseline -0.003 -17"><span class='ocrx_word' id='word_1_209' title='bbox 297 2464 482 2533; x_wconf 75' lang='lat' dir='ltr'>gehort</span> <span class='ocrx_word' id='word_1_210' title='bbox 538 2481 606 2515; x_wconf 84' lang='lat' dir='ltr'>zu</span> <span class='ocrx_word' id='word_1_211' title='bbox 664 2462 949 2532; x_wconf 74' lang='grc' dir='ltr'>ποιήσαντες</span> <span class='ocrx_word' id='word_1_212' title='bbox 1006 2462 1090 2521; x_wconf 75' lang='grc' dir='ltr'>τὰς</span> <span class='ocrx_word' id='word_1_213' title='bbox 1148 2459 1368 2532; x_wconf 83' lang='grc' dir='ltr'>κρίσεις“.</span> <span class='ocrx_word' id='word_1_214' title='bbox 1445 2461 1547 2514; x_wconf 81' lang='lat' dir='ltr'>Sed</span> <span class='ocrx_word' id='word_1_215' title='bbox 1605 2459 1765 2520; x_wconf 81' lang='grc' dir='ltr'>αὐτοῖς</span> <span class='ocrx_word' id='word_1_216' title='bbox 1821 2461 1911 2514; x_wconf 88' lang='lat' dir='ltr'>illo</span> <span class='ocrx_word' id='word_1_217' title='bbox 1967 2461 2211 2512; x_wconf 83' lang='lat' dir='ltr'>homines</span> 
     </span>
     <span class='ocr_line' id='line_1_27' title="bbox 299 2554 2213 2628; baseline -0.003 -17"><span class='ocrx_word' id='word_1_218' title='bbox 299 2558 668 2628; x_wconf 80' lang='lat' dir='ltr'>significantur</span> <span class='ocrx_word' id='word_1_219' title='bbox 722 2559 899 2623; x_wconf 76' lang='lat' dir='ltr'>iidem,</span> <span class='ocrx_word' id='word_1_220' title='bbox 960 2575 1092 2626; x_wconf 88' lang='lat' dir='ltr'>quos</span> <span class='ocrx_word' id='word_1_221' title='bbox 1151 2561 1323 2608; x_wconf 83' lang='lat' dir='ltr'>orator</span> <span class='ocrx_word' id='word_1_222' title='bbox 1377 2556 1553 2608; x_wconf 86' lang='lat' dir='ltr'>verbis</span> <span class='ocrx_word' id='word_1_223' title='bbox 1610 2557 1705 2614; x_wconf 81' lang='grc' dir='ltr'>τοῖς</span> <span class='ocrx_word' id='word_1_224' title='bbox 1765 2554 2039 2626; x_wconf 80' lang='grc' dir='ltr'>συμμάχοις</span> <span class='ocrx_word' id='word_1_225' title='bbox 2095 2554 2213 2606; x_wconf 80' lang='lat' dir='ltr'>vult</span> 
     </span>
     <span class='ocr_line' id='line_1_28' title="bbox 297 2645 2210 2721; baseline -0.003 -16"><span class='ocrx_word' id='word_1_226' title='bbox 297 2653 550 2721; x_wconf 77' lang='lat' dir='ltr'>intellegi,</span> <span class='ocrx_word' id='word_1_227' title='bbox 607 2669 730 2704; x_wconf 81' lang='lat' dir='ltr'>oum.</span> <span class='ocrx_word' id='word_1_228' title='bbox 789 2650 949 2711; x_wconf 72' lang='grc' dir='ltr'>αὐτοῖς</span> <span class='ocrx_word' id='word_1_229' title='bbox 1007 2652 1139 2704; x_wconf 91' lang='lat' dir='ltr'>illud</span> <span class='ocrx_word' id='word_1_230' title='bbox 1187 2684 1254 2688; x_wconf 97' lang='lat'><strong>—</strong></span> <span class='ocrx_word' id='word_1_231' title='bbox 1307 2652 1351 2703; x_wconf 86' lang='lat' dir='ltr'>Si</span> <span class='ocrx_word' id='word_1_232' title='bbox 1404 2667 1527 2702; x_wconf 80' lang='lat' dir='ltr'>oum</span> <span class='ocrx_word' id='word_1_233' title='bbox 1576 2649 1861 2720; x_wconf 79' lang='grc' dir='ltr'>ποιήσαντες</span> <span class='ocrx_word' id='word_1_234' title='bbox 1911 2649 1996 2708; x_wconf 83' lang='grc' dir='ltr'>τοὶς</span> <span class='ocrx_word' id='word_1_235' title='bbox 2034 2645 2210 2719; x_wconf 85' lang='grc' dir='ltr'>κρίσεις</span> 
     </span>
     <span class='ocr_line' id='line_1_29' title="bbox 300 2744 2208 2817; baseline -0.002 -18"><span class='ocrx_word' id='word_1_236' title='bbox 300 2748 656 2815; x_wconf 79' lang='lat' dir='ltr'>conjungatur</span> <span class='ocrx_word' id='word_1_237' title='bbox 712 2778 779 2782; x_wconf 84' lang='lat'>——</span> <span class='ocrx_word' id='word_1_238' title='bbox 839 2748 903 2798; x_wconf 79' lang='lat' dir='ltr'>ad</span> <span class='ocrx_word' id='word_1_239' title='bbox 961 2747 1099 2810; x_wconf 74' lang='grc' dir='ltr'>,,τοῦς</span> <span class='ocrx_word' id='word_1_240' title='bbox 1158 2744 1473 2817; x_wconf 44' lang='grc' dir='ltr'>συμμάχους(</span> <span class='ocrx_word' id='word_1_241' title='bbox 1530 2745 1785 2798; x_wconf 81' lang='lat' dir='ltr'>referatur</span> <span class='ocrx_word' id='word_1_242' title='bbox 1840 2760 2057 2798; x_wconf 83' lang='lat' dir='ltr'>necesse</span> <span class='ocrx_word' id='word_1_243' title='bbox 2114 2744 2208 2796; x_wconf 88' lang='lat' dir='ltr'>sit:</span> 
     </span>
     <span class='ocr_line' id='line_1_30' title="bbox 301 2838 2210 2912; baseline -0.002 -18"><span class='ocrx_word' id='word_1_244' title='bbox 301 2841 564 2911; x_wconf 90' lang='lat' dir='ltr'>quomodo</span> <span class='ocrx_word' id='word_1_245' title='bbox 614 2842 778 2909; x_wconf 80' lang='lat' dir='ltr'>igitur</span> <span class='ocrx_word' id='word_1_246' title='bbox 826 2842 1028 2893; x_wconf 83' lang='lat' dir='ltr'>Verbis:</span> <span class='ocrx_word' id='word_1_247' title='bbox 1089 2842 1163 2903; x_wconf 77' lang='grc' dir='ltr'>,,οἰ</span> <span class='ocrx_word' id='word_1_248' title='bbox 1216 2839 1497 2912; x_wconf 74' lang='grc' dir='ltr'>συμμαχοι“</span> <span class='ocrx_word' id='word_1_249' title='bbox 1550 2841 1677 2891; x_wconf 75' lang='lat' dir='ltr'>socii</span> <span class='ocrx_word' id='word_1_250' title='bbox 1718 2838 1989 2909; x_wconf 77' lang='grc' dir='ltr'>αὐτόνομοι,</span> <span class='ocrx_word' id='word_1_251' title='bbox 2049 2838 2210 2891; x_wconf 85' lang='lat' dir='ltr'>verbo</span> 
     </span>
     <span class='ocr_line' id='line_1_31' title="bbox 300 2933 2212 3006; baseline -0.003 -17"><span class='ocrx_word' id='word_1_252' title='bbox 300 2942 477 2990; x_wconf 85' lang='lat' dir='ltr'>autem</span> <span class='ocrx_word' id='word_1_253' title='bbox 517 2933 738 2998; x_wconf 76' lang='grc' dir='ltr'>,.αότοῖς“</span> <span class='ocrx_word' id='word_1_254' title='bbox 778 2953 993 3004; x_wconf 86' lang='lat' dir='ltr'>prorsus</span> <span class='ocrx_word' id='word_1_255' title='bbox 1032 2937 1137 3002; x_wconf 74' lang='lat' dir='ltr'>alii,</span> <span class='ocrx_word' id='word_1_256' title='bbox 1191 2934 1442 3006; x_wconf 79' lang='grc' dir='ltr'>σύμμαχοι</span> <span class='ocrx_word' id='word_1_257' title='bbox 1481 2933 1727 2992; x_wconf 79' lang='grc' dir='ltr'>ὑποτελεῖς</span> <span class='ocrx_word' id='word_1_258' title='bbox 1767 2933 2054 3002; x_wconf 79' lang='lat' dir='ltr'>significari</span> <span class='ocrx_word' id='word_1_259' title='bbox 2092 2949 2212 3002; x_wconf 90' lang='lat' dir='ltr'>pos-</span> 
     </span>
     <span class='ocr_line' id='line_1_32' title="bbox 301 3028 2211 3098; baseline -0.002 -14"><span class='ocrx_word' id='word_1_260' title='bbox 301 3033 467 3084; x_wconf 78' lang='lat' dir='ltr'>sunt?</span> <span class='ocrx_word' id='word_1_261' title='bbox 542 3029 748 3083; x_wconf 91' lang='lat' dir='ltr'>Deinde</span> <span class='ocrx_word' id='word_1_262' title='bbox 787 3035 837 3082; x_wconf 83' lang='lat' dir='ltr'>et</span> <span class='ocrx_word' id='word_1_263' title='bbox 876 3047 943 3081; x_wconf 78' lang='lat' dir='ltr'>ex</span> <span class='ocrx_word' id='word_1_264' title='bbox 977 3029 1416 3098; x_wconf 80' lang='lat' dir='ltr'>praecedentibus</span> <span class='ocrx_word' id='word_1_265' title='bbox 1448 3034 1500 3082; x_wconf 87' lang='lat' dir='ltr'>et</span> <span class='ocrx_word' id='word_1_266' title='bbox 1520 3046 1586 3082; x_wconf 83' lang='lat' dir='ltr'>ex</span> <span class='ocrx_word' id='word_1_267' title='bbox 1610 3028 1960 3096; x_wconf 86' lang='lat' dir='ltr'>sequentibus</span> <span class='ocrx_word' id='word_1_268' title='bbox 1981 3032 2211 3097; x_wconf 81' lang='lat' dir='ltr'>apparet,</span> 
     </span>
     <span class='ocr_line' id='line_1_33' title="bbox 300 3120 2210 3193; baseline -0.003 -15"><span class='ocrx_word' id='word_1_269' title='bbox 300 3131 555 3179; x_wconf 87' lang='lat' dir='ltr'>oratorem</span> <span class='ocrx_word' id='word_1_270' title='bbox 610 3125 845 3193; x_wconf 83' lang='lat' dir='ltr'>intellegi</span> <span class='ocrx_word' id='word_1_271' title='bbox 902 3124 1134 3176; x_wconf 75' lang='lat' dir='ltr'>voluisse</span> <span class='ocrx_word' id='word_1_272' title='bbox 1193 3125 1362 3176; x_wconf 83' lang='lat' dir='ltr'>soc-ios</span> <span class='ocrx_word' id='word_1_273' title='bbox 1403 3141 1525 3175; x_wconf 73' lang='lat' dir='ltr'>-non</span> <span class='ocrx_word' id='word_1_274' title='bbox 1585 3121 1877 3192; x_wconf 77' lang='grc' dir='ltr'>αὐτονόμους</span> <span class='ocrx_word' id='word_1_275' title='bbox 1927 3120 2210 3189; x_wconf 80' lang='grc' dir='ltr'>(ὑποτελεῖς)</span> 
     </span>
     <span class='ocr_line' id='line_1_34' title="bbox 302 3213 2212 3289; baseline -0.002 -17"><span class='ocrx_word' id='word_1_276' title='bbox 302 3221 463 3273; x_wconf 86' lang='lat' dir='ltr'>solos:</span> <span class='ocrx_word' id='word_1_277' title='bbox 523 3237 603 3289; x_wconf 78' lang='lat' dir='ltr'>ep.</span> <span class='ocrx_word' id='word_1_278' title='bbox 648 3220 733 3287; x_wconf 85' lang='lat'><strong>76,</strong></span> <span class='ocrx_word' id='word_1_279' title='bbox 781 3221 840 3272; x_wconf 87' lang='lat'>3:</span> <span class='ocrx_word' id='word_1_280' title='bbox 901 3216 1236 3281; x_wconf 67' lang='grc' dir='ltr'>,,ἐπαινεῖσῦαί</span> <span class='ocrx_word' id='word_1_281' title='bbox 1293 3238 1344 3269; x_wconf 84' lang='grc' dir='ltr'>τε</span> <span class='ocrx_word' id='word_1_282' title='bbox 1395 3213 1532 3280; x_wconf 75' lang='grc' dir='ltr'>ἄξιοι,</span> <span class='ocrx_word' id='word_1_283' title='bbox 1590 3215 1756 3275; x_wconf 76' lang='grc' dir='ltr'>οἵτινες</span> <span class='ocrx_word' id='word_1_284' title='bbox 1805 3215 2107 3288; x_wconf 81' lang='grc' dir='ltr'>χρησάμενοι</span> <span class='ocrx_word' id='word_1_285' title='bbox 2151 3220 2212 3287; x_wconf 79' lang='grc' dir='ltr'>τῇ</span> 
     </span>
    </p>
   </div>
   <div class='ocr_carea' id='block_1_3' title="bbox 302 3307 2266 3480">
    <p class='ocr_par' dir='ltr' id='par_1_4' title="bbox 302 3307 2266 3480">
     <span class='ocr_line' id='line_1_35' title="bbox 302 3307 2266 3385; baseline -0.003 -18"><span class='ocrx_word' id='word_1_286' title='bbox 302 3312 586 3385; x_wconf 72' lang='grc' dir='ltr'>ἀνθρωπεία</span> <span class='ocrx_word' id='word_1_287' title='bbox 637 3313 780 3384; x_wconf 74' lang='grc' dir='ltr'>φύσει</span> <span class='ocrx_word' id='word_1_288' title='bbox 831 3310 978 3365; x_wconf 76' lang='grc' dir='ltr'>ὥστε</span> <span class='ocrx_word' id='word_1_289' title='bbox 1025 3313 1252 3383; x_wconf 80' lang='grc' dir='ltr'>ἑτέρων</span> <span class='ocrx_word' id='word_1_290' title='bbox 1305 3307 1526 3383; x_wconf 77' lang='grc' dir='ltr'>ἄρχειν</span> <span class='ocrx_word' id='word_1_291' title='bbox 1565 3310 1854 3382; x_wconf 81' lang='grc' dir='ltr'>δικαιότεροι</span> <span class='ocrx_word' id='word_1_292' title='bbox 1892 3308 1923 3381; x_wconf 78' lang='grc' dir='ltr'>ἢ</span> <span class='ocrx_word' id='word_1_293' title='bbox 1962 3310 2087 3364; x_wconf 75' lang='grc' dir='ltr'>κατὰ</span> <span class='ocrx_word' id='word_1_294' title='bbox 2125 3309 2212 3380; x_wconf 76' lang='grc' dir='ltr'>τὴν</span> <span class='ocrx_word' id='word_1_295' title='bbox 2261 3343 2266 3348; x_wconf 92' lang='grc'><strong>-</strong></span> 
     </span>
     <span class='ocr_line' id='line_1_36' title="bbox 303 3402 2210 3480; baseline -0.002 -19"><span class='ocrx_word' id='word_1_296' title='bbox 303 3408 616 3480; x_wconf 78' lang='grc' dir='ltr'>ὑπάρχουσαν</span> <span class='ocrx_word' id='word_1_297' title='bbox 667 3407 867 3478; x_wconf 76' lang='grc' dir='ltr'>δύναμιν</span> <span class='ocrx_word' id='word_1_298' title='bbox 919 3408 1230 3478; x_wconf 65' lang='grc' dir='ltr'>·,ἐγε’νηται“;</span> <span class='ocrx_word' id='word_1_299' title='bbox 1290 3411 1406 3459; x_wconf 85' lang='lat' dir='ltr'>tum</span> <span class='ocrx_word' id='word_1_300' title='bbox 1445 3423 1523 3475; x_wconf 81' lang='lat' dir='ltr'>cp.</span> <span class='ocrx_word' id='word_1_301' title='bbox 1561 3407 1653 3473; x_wconf 92' lang='lat'>77,</span> <span class='ocrx_word' id='word_1_302' title='bbox 1693 3409 1740 3459; x_wconf 76' lang='lat'>2.</span> <span class='ocrx_word' id='word_1_303' title='bbox 1783 3408 1842 3460; x_wconf 83' lang='lat'>3:</span> <span class='ocrx_word' id='word_1_304' title='bbox 1902 3403 2014 3469; x_wconf 59' lang='lat' dir='ltr'>„mi</span> <span class='ocrx_word' id='word_1_305' title='bbox 2052 3402 2210 3464; x_wconf 75' lang='grc' dir='ltr'>οὐδεὶς</span> 
     </span>
    </p>
   </div>
   <div class='ocr_carea' id='block_1_4' title="bbox 303 3495 2210 3572">
    <p class='ocr_par' dir='ltr' id='par_1_5' title="bbox 303 3495 2210 3572">
     <span class='ocr_line' id='line_1_37' title="bbox 303 3495 2210 3572; baseline -0.003 -16"><span class='ocrx_word' id='word_1_306' title='bbox 303 3504 474 3556; x_wconf 82' lang='grc' dir='ltr'>σκοπεῖ</span> <span class='ocrx_word' id='word_1_307' title='bbox 519 3502 672 3557; x_wconf 79' lang='grc' dir='ltr'>αὐτῶν</span> <span class='ocrx_word' id='word_1_308' title='bbox 719 3504 815 3564; x_wconf 81' lang='grc' dir='ltr'>τοῖς</span> <span class='ocrx_word' id='word_1_309' title='bbox 862 3501 944 3556; x_wconf 84' lang='grc' dir='ltr'>καὶ</span> <span class='ocrx_word' id='word_1_310' title='bbox 994 3498 1170 3555; x_wconf 76' lang='grc' dir='ltr'>ἄλλοθί</span> <span class='ocrx_word' id='word_1_311' title='bbox 1216 3522 1308 3554; x_wconf 90' lang='grc' dir='ltr'>που</span> <span class='ocrx_word' id='word_1_312' title='bbox 1355 3499 1513 3572; x_wconf 80' lang='grc' dir='ltr'>ἀρχὴν</span> <span class='ocrx_word' id='word_1_313' title='bbox 1566 3499 1734 3572; x_wconf 77' lang='grc' dir='ltr'>ἔχουσι</span> <span class='ocrx_word' id='word_1_314' title='bbox 1772 3498 1852 3552; x_wconf 87' lang='grc' dir='ltr'>καὶ</span> <span class='ocrx_word' id='word_1_315' title='bbox 1891 3495 2039 3570; x_wconf 81' lang='grc' dir='ltr'>ἧσσον</span> <span class='ocrx_word' id='word_1_316' title='bbox 2076 3497 2210 3569; x_wconf 80' lang='grc' dir='ltr'>ἡμῶν</span> 
     </span>
    </p>
   </div>
   <div class='ocr_carea' id='block_1_5' title="bbox 2271 49 2320 70">
    <p class='ocr_par' dir='ltr' id='par_1_6' title="bbox 2271 49 2320 70">
     <span class='ocr_line' id='line_1_38' title="bbox 2271 49 2320 70; baseline 0 0"><span class='ocrx_word' id='word_1_317' title='bbox 2271 62 2277 68; x_wconf 92' lang='grc'><strong>-</strong></span> <span class='ocrx_word' id='word_1_318' title='bbox 2299 49 2320 70; x_wconf 63' lang='lat' dir='ltr'>&#39;F</span> 
     </span>
    </p>
   </div>
  </div>
 </body>
</html>
