2320 3822
338 23 408 81 66.

338 170 542 219 constat
580 167 660 234 (cf.
684 167 928 236 Koehler,
966 169 1031 222 U.
1072 188 1124 222 11.
1157 170 1223 223 U.
1265 172 1497 224 indicem
1535 174 1867 243 oppidorum,
1907 193 2045 245 quae
2080 178 2251 235 nvibus

336 265 453 312 tum
490 262 825 331 pendebant).

481 356 658 408 Verba
713 359 872 426 tituli,
930 361 987 411 in
1042 360 1240 428 quibus
1287 345 1463 429 agitur
1511 362 1574 414 de
1622 360 1777 422 δίκαις
1829 362 1926 416 ἀπὸ
1979 353 2249 437 συμβόλων,

337 454 464 502 sunt
501 452 629 504 haec
669 453 735 519 (v.
780 455 1035 520 17—21):

595 546 655 598 τὰ
695 546 749 599 δὲ
788 543 916 599 ἄλλα
956 547 1170 618 ξύμβολα
1208 550 1268 602 τὰ
1308 556 1503 622 πρωτοῧ
1539 547 1599 621 ἦν
1637 552 1734 611 τοῖς
1771 552 1812 605 ἷ-

597 640 786 700 διώταις
825 642 942 712 πρὸς
979 643 1088 702 τοὺς
1126 643 1318 703 ἰδιώτας
1356 641 1388 714 ἢ
1426 644 1594 714 ἰδιώτῃ
1632 645 1750 716 πρὸς
1787 646 1840 698 τὸ
1879 668 1932 699 κ-

597 736 723 787 οινὸν
761 732 793 806 ἦ
833 742 901 807 τῷ
932 742 1079 808 κοινῷ
1111 739 1227 810 πρὸς
1265 738 1457 808 ἰδιώτην
1495 736 1528 809 ἦ
1569 738 1654 791 ἐοίν
1691 761 1734 791 τι
1775 736 1895 793 ἄλλο
1933 739 2033 812 γίγ-

595 851 735 900 νηται
773 831 988 884 διαλύειν
1027 833 1144 904 πρὸς
1183 832 1447 903 ἀλλήλους·
1486 831 1559 886 ὅτι
1597 832 1645 886 δ’
1689 831 1748 887 ἂν
1788 834 2034 907 ἀμφισβηα

592 931 721 990 τῶσι,
761 925 897 986 δίκας
937 926 1058 979 εἶναι
1097 926 1194 980 ἀπὸ
1233 928 1494 999 ξυμβόλων.

480 1020 742 1074 Videmus
780 1024 944 1091 igitur
981 1021 1116 1082 δίκας
1156 1021 1253 1075 ἀπὸ
1296 1023 1550 1094 συμβόλων
1571 1025 1738 1077 fuisse
1760 1027 1995 1078 actiones
2013 1027 2252 1095 negotio-

334 1131 472 1182 rum,
512 1116 604 1168 sed
641 1133 750 1168 non
791 1117 965 1169 solum
1004 1135 1203 1186 eorum,
1246 1135 1382 1186 quae
1421 1123 1570 1171 erant
1598 1119 1808 1171 civibus
1827 1120 2251 1177 Atheniensibus

335 1210 563 1277 singulis
603 1227 727 1262 cum
766 1211 974 1264 civibus
1015 1214 1241 1281 singulis
1282 1213 1431 1265 urbis
1470 1215 1659 1282 sociae,
1700 1215 1791 1266 sed
1824 1216 1983 1267 etiam
2014 1216 2260 1284 negotio-‘

334 1321 472 1371 rum,
533 1321 669 1373 quae
728 1311 878 1358 erant
917 1307 1126 1360 civibus
1165 1309 1278 1360 sive
1316 1308 1741 1361 Atheniensibus
1766 1294 1893 1362 'sive
1930 1311 2088 1362 sociis
2126 1325 2251 1362 cum

333 1398 607 1466 republica
647 1400 733 1470 (τῷ
766 1402 924 1471 κοινῷ)
967 1403 1079 1454 sive
1119 1404 1383 1455 sociorum
1423 1405 1535 1455 sive
1573 1404 2013 1460 Atheniensium„
2061 1403 2251 1473 Itaque

254 1566 257 1570 ,
335 1490 467 1544 δίκαι
526 1491 624 1545 ἀπὸ
685 1494 941 1565 συμβόλων
1000 1498 1295 1566 agebantur
1342 1515 1453 1550 non
1502 1498 1675 1550 solum
1719 1500 1858 1550 inter
1907 1499 2050 1551 cives
2086 1499 2252 1552 Athe-

333 1589 549 1640 nienses
590 1593 641 1640 et
680 1591 849 1642 socios
889 1593 1148 1660 singulos,
1188 1593 1280 1645 sed
1319 1595 1477 1645 etiam
1513 1594 1652 1645 inter
1683 1594 1826 1645 cives
1859 1593 2100 1662 singulos
2120 1594 2252 1661 (sive

335 1683 692 1735 Athenienses
732 1685 844 1737 sive
884 1687 1070 1753 socios)
1120 1691 1171 1739 et
1206 1703 1319 1739 rem
1356 1687 1628 1756 publicam
1666 1688 1796 1755 (sive
1835 1688 2100 1739 sociorum
2138 1689 2252 1740 sive

335 1778 781 1846 Atheniensium).
863 1779 1017 1842 Quod
1055 1797 1181 1833 cum
1218 1781 1374 1833 nobis
1413 1786 1633 1850 constet,
1680 1779 1816 1840 δίκας
1856 1779 1954 1833 ἀπὸ
1995 1781 2250 1853 συμβόλων

337 1876 538 1927 eisdem
595 1875 659 1926 de
705 1860 866 1926 rebus
916 1877 1205 1928 instructas
1257 1893 1372 1928 esse
1420 1880 1580 1945 atque
1618 1874 1754 1935 δίκας
1793 1875 2071 1947 ἐμπορικάς,
2127 1878 2162 1929 i.
2204 1893 2247 1930 0.

339 1970 403 2021 de
440 1971 667 2038 negotiis
708 1972 1006 2038 contractis,
1058 1972 1169 2038 jam
1218 1971 1470 2023 subtilius
1506 1972 1565 2022 in
1605 1987 1912 2024 connexum
1947 1973 2087 2024 inter
2122 1972 2252 2025 haec

338 2065 442 2116 duo
502 2082 785 2117 causarum
852 2081 1049 2133 genera
1103 2066 1489 2134 inquirendum
1545 2070 1636 2118 est.
1730 2067 1812 2118 Ac
1867 2052 2100 2135 primum
2155 2068 2253 2120 erit

334 2160 645 2227 videndum,
687 2161 817 2228 quid
857 2161 921 2212 de
958 2164 1150 2212 natura
1187 2163 1328 2212 δικῶν
1367 2161 1635 2231 ἐμπορικῶν
1675 2176 1743 2212 ex
1775 2162 1859 2229 iis,
1900 2177 2038 2230 quae
2061 2161 2252 2214 tradita

336 2260 479 2323 sunt⁷
518 2271 700 2306 eruere
738 2256 1020 2323 possimus.

482 2348 588 2411 Qui
643 2350 769 2400 huic
823 2351 901 2401 rei
958 2367 1171 2419 operam
1229 2351 1489 2403 dederunt
1543 2350 1645 2401 viri
1703 2349 1842 2401 docti
1896 2349 2101 2418 (Meyer
2135 2351 2246 2404 Att.

336 2444 483 2496 Proc.
526 2446 658 2510 5393
717 2444 970 2512 Plattncr,
1022 2445 1170 2497 Proc.
1212 2463 1265 2497 u.
1307 2445 1459 2513 Klag.
1500 2444 1545 2512 Ι,
1585 2445 1718 2509 290;
1777 2443 1996 2512 Heffter,
2052 2445 2273 2498 Athen.—

338 2539 894 2607 Gerichtsverfassung
932 2542 1056 2608 399,
1093 2541 1239 2607 400),
1289 2556 1466 2608 neque
1505 2540 1632 2590 satis
1672 2538 1904 2591 dilucide
1943 2539 2007 2591 de
2046 2555 2108 2592 ea
2144 2539 2250 2592 dis-

337 2639 634 2703 seruerunt,
693 2651 870 2702 noque
928 2651 1111 2687 omnes
1161 2635 1323 2703 10003,
1381 2650 1450 2686 ex
1501 2633 1699 2702 quibus
1749 2634 1949 2702 aliquid
1992 2634 2056 2686 de
2094 2631 2249 2693 δίκαις
2290 2661 2295 2664 -

336 2731 616 2800 ἐμπορικαῖς
649 2733 820 2798 potest
851 2729 1115 2796 concludi⁷
1156 2730 1282 2780 satis
1303 2729 1584 2797 diligenter
1600 2731 1972 2780 tractaverunt.
2052 2727 2249 2790 Quam-

339 2824 519 2876 obrem
564 2826 621 2875 in
659 2825 797 2875 hanc
838 2825 1203 2892 quaestionem
1239 2824 1395 2876 nobis
1432 2823 1818 2892 inquirendum
1856 2827 1936 2875 est
1971 2822 2148 2876 'denuo
2187 2840 2250 2877 ac

338 2920 618 2988 praecipuo
655 2919 757 2969 loci
796 2935 997 2986 01111103,
1057 2921 1151 2987 qui
1198 2920 1264 2970 ad
1302 2921 1442 2971 δικῶν
1481 2919 1748 2988 ἐμπορικῶν
1785 2918 2043 2970 rationem
2080 2918 2249 2987 expli-

337 3015 560 3066 candam
610 3015 785 3065 lucem
836 3014 1071 3082 aliquam
1111 3013 1290 3065 afferre
1328 3014 1550 3082 possint,
1609 3013 1886 3081 diligenter
1924 3015 2052 3064 sunt
2088 3013 2249 3065 inter·

336 3109 577 3177 pretandi
618 3126 695 3176 ac,
736 3110 780 3159 si
821 3108 1038 3176 quidem
1077 3125 1211 3176 opus
1250 3109 1363 3175 crit,
1394 3107 1642 3160 sanandi.

480 3203 937 3255 Proficiscendum
992 3202 1147 3253 nobis
1204 3206 1283 3254 est
1339 3219 1370 3253 a
1424 3200 1799 3253 Demosthenis
1854 3201 1968 3252 loco
2027 3217 2098 3252 or.
2159 3201 2248 3269 34,

200 3301 282 3354 42.
338 3300 368 3365 ξ
418 3299 659 3351 42—45:
720 3295 871 3367 ,,ὑπὲρ
919 3294 973 3348 δὲ
1020 3301 1105 3349 τοῦ
1154 3297 1239 3366 τὴν
1291 3293 1427 3365 δίκην
1481 3293 1795 3365 εἶςαγώγιμον
1848 3293 1970 3347 εἶναι
2026 3293 2053 3346 ὁ
2103 3293 2248 3366 νόμος

335 3390 479 3451 αὐτὸς
546 3390 936 3463 διαμαρτύρεται,
1005 3389 1222 3443 κελεύων
1278 3389 1364 3449 τὰς
1427 3387 1564 3448 δίκας
1635 3388 1757 3441 εἶναι
1826 3389 1913 3449 τὰς
1982 3387 2247 3460 ἐμπορικὰς

332 3491 423 3538 τῶν
483 3484 792 3558 συμβολαίων
859 3490 948 3538 τῶν
1001 3484 1234 3555 Ἀθήνησι
1298 3482 1379 3537 καὶ
1440 3484 1507 3543 εἷς
1563 3483 1617 3536 τὸ
1670 3481 1944 3553 Ἀθηναίων
2001 3480 2245 3554 ἐμπόριον,
