2320 3822
268 19 339 74 24

267 166 353 219 23.
375 185 408 234 ῃ
448 159 560 216 οὔτε
599 170 799 236 μηχανῇ
837 164 1043 237 οὐδεμιᾷ
1081 165 1179 220 οὐδ’
1225 166 1331 219 ἔπει
1369 166 1483 219 ουδὲ
1659 172 1749 221 1311
1764 169 2176 238 31311,(1311Α1113·

267 260 352 312 24.
377 257 518 330 ἔργῳ,
558 257 672 312 οὐδὲ
711 265 779 331 τῷ
812 259 1127 332 ἀφισταμένῳ
1165 259 1410 331 πείσομαι,
1449 283 1500 313 κ·
1657 279 1792 315 nern
1817 267 1935 316 treu
1954 281 2024 316 zu
2045 264 2178 332 sein,

268 355 352 407 25.
378 351 428 406 αὶ
468 353 553 406 ἐὰν
593 352 775 425 ἀφιστῇ
813 376 894 419 τις,
935 356 1126 426 κατερῶ
1154 353 1467 424 Ἀθηναίοισι,
1507 377 1557 408 κ-
1657 358 1822 410 11111311
1862 358 1966 410 (1311
1993 357 2180 410 Tribut

267 450 351 502 26.
377 445 427 499 αὶ
465 447 545 500 τὸν
584 447 733 520 φόρον
773 449 993 502 ὑπο-τελῶ
1021 447 1359 518 Ἀθηναίοισιν,
1399 446 1451 502 ὃν
1659 469 1728 503 zu
1779 452 1984 519 zahlen,
2042 451 2204 506 wel-⁴

266 544 351 596 27.
376 539 433 595 ἂν
472 540 631 595 πείθω
662 541 948 612 Ἀθηναίους
985 541 1067 596 καὶ
1108 542 1359 616 ξύμμαχος
1398 543 1576 615 ἔσομα-
1661 545 1816 600 chen
1854 547 1998 616 jene
2035 545 2179 601 fest·

267 639 351 690 28.
377 657 393 688 ι
432 635 529 696 οἷος
569 633 627 688 ἂν
667 636 886 707 δύνωμαι
925 633 1115 709 ἄριστος
1154 636 1237 691 καὶ
1276 637 1486 691 δικαιότ-
1660 641 1867 694 Setzen
1912 639 2179 709 werden,

266 733 350 785 29.
377 751 502 794 ατος,
542 728 625 782 καὶ
663 736 731 802 τῷ
764 731 907 803 δήμῳ
945 737 1014 803 τῷ
1042 731 1314 803 Ἀθηναίων
1353 732 1570 804 βοηθήσ-
1658 735 1822 787 11111311
1872 734 2060 805 Zuzug
2109 752 2180 788 zu

266 828 349 880 30.
375 847 415 876 ω
454 822 536 876 καὶ
577 819 756 895 ἀμυνῶ,
796 825 950 886 ἑάντις
990 825 1137 898 ἀδικῇ
1174 827 1254 880 τὸν
1294 831 1446 898 δῆμον
1482 826 1566 880 τὸν
1658 829 1848 881 13131311
1885 845 2057 898 gegen
2095 829 2180 882 die

267 917 643 988 31.Ἀθηναίων
682 918 765 973 καὶ
804 919 1035 992 πείσομαι
1072 927 1141 993 τῷ
1173 921 1315 993 δήμῳ
1354 927 1423 993 τῷ
1451 921 1562 976 Ἀθ-
1659 923 1861 975 Feinde
1881 923 2181 977 1111(111111311

268 1015 354 1066 32.
377 1011 576 1082 ηναίων.
1659 1018 1938 1086 gehorsam
1965 1034 2038 1070 zu
2064 1019 2180 1071 sein

1661 1108 1760 1179 (καὶ
1827 1108 2060 1181 πείσομαι
2117 1116 2196 1183 τῷ.

1635 1203 1804 1283 [δήμῳ
1851 1210 1920 1258 τῶ
1955 1203 2182 1276 Ἀθηναί-
2233 1207 2236 1209 ’

1661 1301 1761 1368 ων).
1840 1300 2050 1354 Daraus
2101 1318 2182 1355 er-

1659 1395 1804 1464 giebt
1855 1396 1968 1448 sich
2009 1399 2104 1448 etc.
2131 1437 2141 1448 .
2167 1437 2178 1447 .
2244 1430 2248 1433 -

410 1485 654 1537 Primum
711 1484 1006 1538 Koehlerus
1063 1487 1224 1539 verba
1281 1490 1346 1555 (v.
1408 1491 1492 1542 26.
1554 1489 1668 1557 27);
1729 1487 1842 1553 „mi
1898 1489 1977 1542 τὸν
2033 1489 2183 1562 φόρον

267 1578 487 1632 ὑποτελῶ
516 1577 804 1648 Ἀθηναίοις,
846 1574 897 1631 ὃν
937 1576 994 1631 ἂν
1035 1578 1193 1633 πείθω
1228 1580 1546 1651 Ἀθηναίουςόι
1582 1600 1693 1635 11011
1719 1588 1860 1636 recte
1888 1584 2179 1652 intellexit3

266 1692 375 1727 non
417 1676 560 1727 enim
600 1678 726 1726 sunt
763 1675 1183 1742 interpretanda:
1230 1677 1367 1744 „den
1386 1677 1572 1729 Tribut
1601 1695 1671 1730 zu
1702 1679 1907 1746 zahlen,
1944 1679 2208 1751 welchen„

259 1770 383 1836 jene
449 1769 729 1821 festsetzen
798 1769 1065 1835 werdeir‘,
1118 1771 1247 1828 sed:
1322 1772 1458 1839 „den
1513 1772 1700 1824 Tribut
1768 1774 1983 1841 zahlen,
2048 1773 2183 1826 iiber

264 1863 502 1916 welchen
551 1864 649 1914 wir
700 1863 803 1931 (die
843 1862 1154 1933 Chalcidier)
1203 1883 1309 1918 uns
1355 1867 1454 1918 mit
1503 1867 1606 1919 den
1644 1867 1920 1921 Athenern
1967 1869 2181 1938 einigen

266 1958 527 2010 werden“.
606 1957 813 2010 Deinde
833 1958 1017 2010 verba:
1060 1956 1173 2022 ,,καὶ
1211 1958 1461 2032 ξύμμαχος
1501 1959 1676 2031 ἔσομαι
1714 1959 1846 2021 ὅπως
1875 1958 1932 2014 ἂν
1962 1961 2182 2033 δύνωμαι

266 2047 454 2123 ἄριστος
492 2050 575 2104 καὶ
614 2052 959 2117 δικαιότατοςέί,
1003 2070 1139 2122 quae
1161 2056 1338 2107 omisit
1356 2054 1651 2108 Koehlerus
1674 2057 1733 2107 in
1752 2058 2182 2126 interpretatione

269 2165 383 2215 sua,
421 2149 700 2217 perspicue
737 2148 1043 2216 ostendunt,
1083 2148 1455 2203 Chalcidenses
1486 2150 1653 2203 fuisse
1675 2153 1843 2203 socios
1864 2150 2181 2223 (ξυμμάχους)

266 2242 695 2294 Atheniensium.
777 2242 1133 2305 Quamobrem
1171 2244 1360 2296 verba:
1421 2243 1533 2309 ,,καὶ
1571 2243 1802 2315 πείσομαι
1839 2249 1907 2316 τῷ
1939 2244 2081 2316 δήμῷ
2118 2250 2188 2317 τῷ

263 2333 580 2405 Ἀθηναίωνίί,
642 2338 839 2406 quibus
887 2339 1171 2407 praecipue
1217 2339 1387 2391 utitur
1424 2339 1719 2391 Koehlerus
1759 2340 1825 2391 ad
1865 2342 2182 2393 sententiam
2217 2352 2225 2359 ’

269 2448 421 2483 suam
477 2430 829 2500 probandam,
895 2449 1005 2484 non
1061 2434 1136 2484 ita
1193 2437 1320 2485 sunt
1375 2434 1800 2503 interpretanda,
1871 2436 2010 2487 sicut
2064 2436 2182 2488 vult

266 2524 576 2593 Koehlerus,
629 2526 721 2580 sed
758 2527 963 2580 nullam
1001 2528 1158 2580 aliam
1194 2526 1394 2581 habent
1431 2530 1544 2580 vim
1581 2530 1689 2581 nisi
1726 2529 1890 2581 hanc:
1955 2529 2180 2599 „parebo

268 2619 707 2689 Atheniensibus,
767 2622 965 2675 scilicet
1019 2623 1078 2674 in
1130 2623 1380 2676 omnibus
1436 2623 1614 2692 rebus,
1675 2640 1811 2693 quae
1868 2623 1934 2676 ad
1980 2623 2181 2676 bellum

267 2714 562 2783 gerendum
610 2719 866 2783 spectant,
925 2718 1037 2770 sive
1088 2734 1223 2786 quae
1270 2718 1337 2769 ad
1384 2734 1499 2771 rem
1542 2720 1811 2788 pertinent
1846 2718 2177 2771 militarem“.

266 2808 406 2861 Nam
463 2825 586 2861 oum
624 2809 980 2864 Athenienses
1039 2828 1094 2864 se
1143 2813 1264 2879 jure
1309 2813 1539 2880 jurando
1579 2814 2008 2881 obstrinxissent,
2065 2829 2181 2866 sese

265 2904 399 2955 nihil
454 2904 730 2956 molituros
790 2910 971 2957 contra
1022 2905 1452 2960 Chalcidensium
1507 2907 1803 2960 libertatem
1854 2909 1920 2976 (v.
1962 2907 2179 2975 4—11),
2220 2918 2237 2925 ‘

266 3002 317 3051 et
358 3000 761 3067 concessissent,
801 3003 862 3051 ut
883 2999 1254 3053 Chalcidenses
1283 3018 1352 3054 ex
1383 3006 1535 3071 pacto
1566 3006 1617 3055 et
1637 3006 1898 3055 convento
1918 3001 2180 3054 tributum

265 3093 573 3162 penderent,
629 3094 759 3146 haec
806 3094 990 3146 verba:
1053 3092 1165 3158 ,,καὶ
1213 3093 1443 3166 πείσομαι
1489 3101 1558 3167 τῷ
1599 3095 1743 3167 δήμῳ
1781 3101 1850 3167 τῷ
1876 3094 2179 3166 Ἀθηναίων64

266 3188 332 3239 ad
370 3188 576 3240 nullam
615 3188 770 3239 aliam
807 3205 918 3240 rom
956 3193 1197 3257 poterant
1227 3194 1479 3258 spectare,
1518 3191 1623 3243 nisi
1657 3191 1723 3242 ad
1748 3207 1861 3243 rem
1881 3191 2175 3244 militarem.

268 3281 447 3351 Pergit
502 3281 796 3335 Koehlerus
855 3284 988 3352 (pag.
1047 3283 1169 3352 191,
1218 3279 1389 3335 Anm.
1425 3283 1503 3351 1):
1560 3284 1666 3351 „Es
1722 3285 1871 3338 lohnt
1925 3285 2039 3338 hier
2094 3285 2179 3338 die

264 3376 834 3430 Accessionsurkunde
885 3377 976 3430 der
1012 3377 1300 3445 Erythraer
1348 3394 1446 3430 aus
1498 3378 1601 3430 den
1654 3382 1827 3431 ersten
1866 3378 2047 3432 Zeiten
2086 3379 2179 3432 des

266 3468 488 3523 Bundes
545 3488 615 3523 zu
671 3472 1009 3541 vergleiohen
1063 3471 1116 3524 C.
1168 3471 1216 3524 J.
1266 3472 1332 3524 A.
1372 3471 1418 3540 I,
1448 3456 1505 3525 9.
1583 3470 1691 3524 Der
1741 3472 2181 3525 Gesammtinhalt
