2320 3822
275 36 345 90 48

277 179 399 232 εἶναι
437 182 486 239 ἐς
524 179 608 249 τήν
646 178 844 249 ἡλιαίαν
880 179 966 249 τὴν
995 183 1085 231 τῶν
1117 181 1427 250 θεσμοθετῶν
1465 179 1619 232 κατὰ
1658 176 1719 231 τὸ
1759 178 2042 250 ψήφισμα
2078 183 2182 232 τοό

276 273 461 345 δήμουίί
508 274 748 326 indicant
793 276 851 325 in
891 274 1294 326 condicionibus
1339 275 1444 326 illis
1483 275 1642 326 etiam
1680 274 2031 325 constitutum
2067 289 2184 326 esse

275 370 479 438 aliquid
517 370 581 421 de
620 370 796 421 causis
835 369 1064 437 agundis
1086 368 1156 437 *);
1208 369 1301 420 sed
1347 386 1416 421 ex
1453 370 1551 420 hac
1587 385 1661 437 re,
1711 368 1871 436 quod,
1909 371 1972 419 ut
2007 366 2184 420 Koeh-

272 464 415 515 lerus
453 465 566 532 ipse
606 463 755 514 dicit:
810 462 975 530 „uber
1012 462 1213 530 einige
1251 462 1977 530 Friedensbedingungen
2022 462 2184 514 nach-

272 558 525 626 tragliche
581 556 985 608 Declarationen
1042 574 1140 608 zur
1195 557 1610 626 Sicherstellung
1677 558 1769 609 der
1830 556 2028 608 Rechte
2093 556 2186 607 der

275 651 568 703 Chalcidier
606 650 912 719 abgegeben
950 651 1227 718 wurden“,
1267 652 1582 703 concludere
1619 667 1730 702 non
1767 651 1906 718 licet,
1942 651 1999 701 in
2037 650 2183 718 pacis

270 745 675 797 condicionibus
724 746 1011 797 constituta
1057 762 1173 798 esse
1226 746 1290 799 de
1337 747 1513 798 causis
1562 746 1790 814 agundis
1827 745 1918 796 illa
1953 748 2184 812 tantum,

272 857 408 908 quae
463 841 521 891 in
577 841 677 891 hoc
733 840 887 891 titulo
947 844 1439 893 commemorantur.
1536 839 1655 891 Meo
1715 839 1934 907 quidem
1978 839 2182 906 judicio

269 935 438 986 multo
485 935 697 986 videtur
742 950 858 986 esse
905 935 1277 987 verissimilius
1326 965 1395 971 —
1444 950 1567 985 cum
1620 935 1747 986 certi
1799 933 1928 1002 quid
1978 934 2184 985 nescire

271 1046 369 1080 nos
405 1029 682 1080 fatendum
721 1030 789 1080 sit
825 1061 894 1065 —
924 1029 1297 1096 AthenienseS,
1334 1033 1396 1079 ut
1435 1029 1565 1079 socii
1596 1044 1780 1079 omnes
1810 1028 2013 1079 civium
2042 1028 2184 1096 ipso-

269 1140 392 1175 rum
430 1140 618 1175 causas
663 1124 876 1190 majoris
925 1125 1181 1175 momenti
1229 1126 1444 1191 agerent
1492 1123 1736 1190 Athenis,
1787 1124 2074 1191 imperasse
2121 1137 2182 1185 eo

270 1222 520 1287 tempore,
583 1234 688 1286 quo
750 1219 960 1269 civitate
1017 1218 1158 1268 socia
1213 1216 1485 1284 debellata,
1533 1218 1749 1269 victoris
1807 1219 1925 1284 jure
1979 1218 2059 1268 uti
2115 1217 2191 1267 ii's·

270 1313 464 1364 liceret.
1135 1318 1138 1319 ⁷

1171 1457 1290 1522 ἓξ).

416 1572 553 1625 Satis
612 1573 676 1624 de
733 1574 925 1640 0011313,
986 1589 1123 1640 quae
1172 1577 1320 1625 erant
1365 1574 1506 1625 inter
1553 1574 1696 1625 cives
1743 1573 1983 1641 ejusdem
2032 1573 2182 1625 urbis

271 1668 461 1735 sociae,
500 1684 625 1718 cum
665 1667 866 1719 dictum
905 1683 1020 1719 esse
1059 1667 1295 1734 arbitrer,
1333 1671 1494 1719 restat
1530 1672 1593 1719 ut
1631 1668 1695 1720 de
1733 1669 1816 1735 113,
1858 1685 1995 1736 quae
2033 1672 2183 1721 erant

268 1763 406 1814 inter
445 1763 613 1813 socios
652 1765 704 1813 et
740 1762 1115 1829 AthenienseS,
1155 1763 1331 1814 causis
1371 1779 1606 1830 agamus.

413 1855 611 1908 Causas
669 1857 917 1924 capitales
975 1873 1182 1925 semper
1231 1858 1518 1908 instructas
1566 1873 1682 1909 esse
1728 1857 1968 1921 Athenis,
2025 1858 2182 1910 Anti-

267 1952 496 2020 pliontiS,
537 1968 673 2020 quae
711 1952 1073 2020 tractavinmS,
1123 1951 1284 2003 verba
1322 1947 1366 2019 (ὃ
1407 1949 1521 2003 οὐδὲ
1559 1950 1701 2004 πόλει
1739 1950 1933 2020 ἔξεστιν)
1974 1952 2178 2004 docent.

268 2045 443 2097 Etiam
482 2063 687 2112 0011303,
741 2062 874 2114 quas
915 2047 1043 2096 socii
1083 2045 1340 2097 adversus
1379 2046 1795 2098 Atheniensium
1833 2047 1997 2099 duces
2032 2060 2181 2115 repe-

267 2140 556 2191 tundarum
604 2139 897 2208 postulatos
949 2140 1194 2208 agebant,
1245 2141 1473 2192 Athenis
1511 2142 1567 2192 in
1606 2135 2019 2193 Atheniensium
2054 2141 2180 2192 foris

175 2243 223 2293 5,
266 2236 551 2285 instructas
602 2249 716 2285 esse
757 2233 907 2285 docet
943 2234 1180 2301 Thucyd.
1222 2234 1376 2302 VIII,
1414 2236 1503 2302 48,
1544 2236 1574 2301 ἓ
1613 2238 1662 2287 5.
1705 2236 1765 2288 6:
1824 2235 1938 2298 ,,τάς
1977 2233 2030 2287 δὲ
2070 2238 2180 2304 ξυμ-

270 2326 482 2399 μαχίὸας
519 2326 697 2390 πόλεις,
738 2326 812 2386 αἷς
852 2326 1224 2399 ὑποσχήσεσθαι
1263 2329 1322 2398 δὴ
1364 2333 1487 2400 σφᾶς
1529 2327 1828 2401 ὀλιγαρχίαν,
1886 2326 1958 2381 ὅτι
1997 2328 2057 2398 δὴ
2097 2326 2179 2380 καὶ

270 2421 406 2475 αὐτοὶ
446 2420 503 2473 οὐ
542 2420 1003 2492 ὃημοκρατήσονται,
1062 2409 1118 2475 εὖ
1157 2423 1335 2475 εἰδέναι
1374 2422 1470 2493 ἔφη
1509 2420 1581 2475 ὅτι
1620 2422 1759 2475 οὐδὲν
1800 2427 1984 2493 μᾶλλον
2022 2421 2179 2494 σφίσιν

269 2513 373 2569 οὔθ’
418 2516 467 2568 αἱ
507 2515 827 2587 (ἐφεστηκυῖαι
865 2516 1293 2588 προςχωρήσονται
1332 2513 1434 2570 οὔθ’
1461 2517 1510 2570 αἱ
1543 2517 1851 2589 ὑπάρχουσαι
1872 2517 2181 2590 βεβαιότεραι

270 2611 479 2664 ἔσονται·
518 2609 574 2664 οὐ
611 2611 702 2682 γὰρ
743 2610 1072 2682 βουλήσεσθαι
1111 2610 1284 2670 αὐτοὺς
1325 2610 1419 2682 μετ’
1466 2610 1750 2684 ὀλιγαρχίας
1789 2609 2178 2684 ἢῧημοκρατίας

267 2705 513 2759 δουλεύειν
563 2709 746 2776 μᾶλλον
796 2702 827 2774 ἢ
880 2703 985 2775 μεθ’
1040 2704 1272 2777 ὁποτέρου
1324 2703 1381 2758 ἄν
1428 2705 1613 2778 τύχωσι
1660 2706 1841 2760 τούτων
1889 2707 2178 2778 ἐλευθέρους

176 2809 224 2861 6,
268 2801 409 2854 εἶναι·
458 2799 567 2859 τούς
614 2820 667 2852 τε
712 2799 891 2858 καλοὺς
934 2798 1183 2870 κάγαθοὺς
1222 2799 1606 2871 ὀνομαζομένους
1645 2800 1732 2854 οὐκ
1770 2800 1964 2854 ἐλάσσω
1992 2800 2178 2862 »αὐτοὺς

267 2894 474 2966 νομίζειν
525 2892 657 2965 σφίσι
703 2893 965 2965 πράγματα
1011 2895 1231 2966 παρέξειν
1279 2901 1363 2948 τοῦ
1406 2894 1577 2966 δήμου,
1635 2896 1862 2967 ποριστάς
1909 2892 2047 2955 ὄντας
2093 2893 2178 2949 καὶ

268 2990 505 3061 ἐσηγητὰς
543 2994 634 3042 τῶν
669 2993 828 3041 κακῶν
866 2991 935 3059 τῷ
965 2989 1121 3061 δήμῳ,
1165 2992 1212 3051 ἐξ

1252 2986 1313 3042 ὧν
1351 2990 1409 3042 τὰ
1449 2989 1619 3043 πλείωΧ
1644 2989 1817 3049 αὐτους
1855 2988 2201 3061 ὠφελεῖσθαιν

267 3083 350 3138 καὶ
405 3085 458 3137 τὸ
507 3082 593 3154 μὲν
641 3082 711 3135 ἐπ’
761 3085 959 3142 ἐκεινοις
1007 3083 1128 3136 εἶναι
1176 3082 1259 3136 καὶ
1310 3081 1493 3156 ἄκριτοι
1532 3082 1590 3137 ἄν
1629 3083 1711 3137 καὶ
1749 3083 2018 3156 βιαιότερον
2056 3083 2177 3138 ἀπο-

220 3246 229 3253 ,
268 3180 507 3251 θνήσκειν,
575 3177 674 3230 τὸν
740 3176 802 3230 δὲ
864 3179 1051 3248 δῆμον
1118 3183 1270 3250 σφῶν
1326 3200 1388 3232 τε
1444 3178 1803 3251 καταφυγὴν
1862 3177 2021 3231 εἶναι
2074 3177 2176 3232 καὶ

270 3273 518 3328 ἐκείνων
567 3295 646 3326 σω
662 3272 1040 3344 φρονιστήν.“

385 3426 427 3482 *)
459 3426 588 3470 Sicut
625 3425 672 3468 in
714 3424 837 3480 pacis
880 3437 983 3467 cum
1024 3423 1218 3468 Milesiis
1258 3425 1395 3468 factae
1437 3424 1777 3470 condicionibus
1819 3423 1865 3468 G.
1896 3423 1936 3469 J.
1970 3425 2061 3468 Att.
2092 3423 2176 3472 IV.

267 3497 419 3556 Suppl.
451 3499 529 3543 Nr.
561 3503 658 3546 220
689 3497 750 3556 (p.
783 3497 844 3555 6).
