2320 3822
1955 27 2022 79 69

117 171 235 243 πρὸς
279 170 390 230 τοὺς
441 169 758 240 θεσμοθέτας,
810 167 896 221 ἐοίν
934 188 980 221 τι
1016 167 1275 221 ἀδικῶνται
1313 169 1362 221 ἐν
1400 173 1469 239 τῷ
1501 167 1718 239 ἐμπορίῳ
1758 166 1790 239 ἢ
1829 170 2025 222 ἐνθένδε

118 285 202 318 ποι
237 264 462 324 πλέοντες
498 260 531 333 ἢ
571 263 810 335 ἑτέρωθεν
849 266 1036 334 δεῦρο.“

263 359 534 412 Postremo
585 375 804 427 agamus
855 358 919 410 de
968 359 1081 409 1000
1129 357 1502 410 Demosthenis
1555 373 1625 408 or.
1675 358 1762 424 34,
1812 360 1842 424 ξ
1883 361 1932 426 3,
1971 360 2020 410 4.

117 453 296 506 Verba
345 457 471 506 sunt
514 454 671 505 haec:
722 449 873 522 ,Περὶ
924 450 1009 521 μὲν
1058 447 1140 504 οὖν
1192 455 1275 520 τῆς
1315 455 1638 522 παραγραφῆς
1677 451 1859 523 βραχύς
1899 453 2023 504 ἐστιν

119 546 144 600 ὁ
184 546 349 617 λόγος·
387 544 470 599 καὶ
506 546 597 617 γὰρ
637 541 769 598 οὗτοι
807 543 863 597 οὐ
901 546 954 597 τὸ
1003 545 1233 616 παράπαν
1274 544 1566 616 συμβόλαιον
1616 546 1919 616 ἐξαρνοῦνται
1958 545 2023 615 μὴ

117 641 346 712 γενέσθαι
392 642 442 693 ἐν
480 645 549 711 τῷ
594 638 812 711 ἐμπορίῳ
862 644 930 710 τῷ
974 638 1205 711 ὑμετέρῳ,
1246 638 1358 692 ἀλλ’
1385 637 1545 691 οὐκέτ’
1591 637 1713 691 εἷναί
1751 660 1871 710 φασι
1908 640 2024 710 πρὸς

118 735 317 795 ἑαυτούς
367 733 507 787 οὐδὲν
559 734 874 806 συμβόλαιον·
923 734 1240 803 πεποιηκέναι
1287 733 1378 804 γάρ
1426 731 1565 786 οὐδὲν
1617 731 1708 793 ἔξω
1747 738 1837 785 τῶν
1877 735 1926 786 ἐν
1964 739 2025 805 τῇ

118 833 371 901 συγγραφῇ
407 829 778 901 γεγραμμένων·
830 828 875 881 οἱ
916 827 1000 899 μὲν
1040 824 1122 880 οὖν
1160 826 1311 897 νόμοι,
1351 826 1471 880 καθ’
1507 823 1589 887 οὓς
1630 825 1763 897 ὑμεῖς
1805 827 2026 881 δικασταὶ

116 923 357 993 κάθησθε,
397 922 492 995 οὐχ
530 920 657 975 οὕτω
697 923 927 993 λέγουσιν,
969 921 1079 975 ἀλλ’
1108 920 1227 992 ὑπὲρ
1268 921 1353 991 μὲν
1390 927 1479 974 τῶν
1507 922 1572 992 μὴ
1604 922 1871 992 γενομένων
1899 919 2024 983 ὅλως

119 1016 424 1089 συμβολαίων
450 1017 682 1088 Ἀθήνησι
722 1016 837 1088 μηδ’
865 1018 930 1076 εἰς
962 1017 1015 1068 τὸ
1050 1014 1322 1085 Ἀθηναίων
1355 1016 1583 1087 ἐμπόριον
1614 1015 2026 1088 παραγράφεσθαι

117 1112 368 1177 δεδώκασι,
409 1112 494 1165 ἐὰν
533 1113 586 1164 δέ
618 1133 684 1172 τις
713 1111 941 1182 γενέσθαι
974 1109 1058 1180 μὲν
1093 1109 1321 1180 ὁμολογῇ,
1362 1109 1646 1182 ἀμφισβητῇ
1684 1109 1737 1163 δὲ
1769 1110 1830 1170 ὡς
1869 1111 2025 1164 πάντα

110 1205 353 1276 ’πεποίηκε
383 1206 442 1259 τά
473 1205 773 1276 συγκείμενα,
804 1204 1154 1274 ἀπολογεῖσθαι
1182 1203 1459 1257 κελεύουσιν
1490 1203 1768 1258 εὐθυδικίαν
1801 1205 2023 1270 εἰσιόντα,

116 1299 174 1354 οὐ
212 1301 495 1371 κατηγορεῖν
533 1305 618 1353 τοῦ
656 1299 951 1358 διώκοντος.“
1036 1299 1102 1351 In
1152 1300 1476 1369 paragrapho
1518 1303 1702 1368 quarta
1741 1301 2026 1368 opponitur

117 1397 232 1448 sine
272 1395 460 1448 dubio:
502 1394 584 1459 ,,τὸ
623 1393 882 1463 γενέσθαι“
920 1394 1026 1445 illi:
1068 1392 1149 1456 ,,τό
1192 1394 1257 1463 μὴ
1298 1393 1556 1463 γενέσθαι66
1594 1394 1694 1445 hoc
1731 1394 1912 1445 modo:

366 1489 451 1542 ἐὰν
493 1488 566 1559 μή
607 1487 898 1557 γενέσθαι
935 1488 998 1539 τὸ
1040 1487 1411 1558 συμβόλαιον
1451 1488 1734 1559 αμφισβητῇ

332 1506 344 1636 ί
520 1581 932 1654 παραγράφεσθαι
969 1581 1234 1634 δεδώκασιν
1273 1581 1318 1634 οἱ
1355 1581 1494 1652 νόμοι

367 1678 452 1731 ἐὰν
491 1677 785 1748 γενέσθαι
823 1677 883 1728 τὸ
925 1675 1298 1747 συμβόλαιον
1337 1674 1554 1746 ὁμολογῇ

518 1770 869 1841 ἀπολογεῖσθαι
907 1770 1184 1824 κελεύουσιν
1224 1770 1269 1822 οἱ
1307 1769 1445 1840 νόμοι
1484 1767 1760 1822 εὐθυδικίαν
1801 1769 2022 1834 εἰσιόντα,

115 1871 167 1919 et
203 1868 365 1919 totius
402 1867 504 1918 loci
544 1867 804 1919 sententia
836 1870 915 1918 est
941 1867 1094 1918 haec:
1141 1882 1249 1933 „„a
1267 1864 1585 1917 Phormione
1618 1866 1857 1933 exceptio
1889 1865 2024 1916 facta

116 1965 217 2026 est3
257 1961 400 2029 leges
433 1960 625 2028 jubent
667 1962 745 2027 „si
785 1962 906 2028 quis
945 1960 1088 2027 dicit,
1141 1960 1358 2010 omnino
1399 1960 1525 2010 certi
1562 1960 1771 2027 generis
1811 1962 2024 2028 negotia

116 2059 382 2106 contracta
418 2071 527 2106 non
567 2071 698 2122 esse,
736 2053 1034 2124 παραγραφὴ
1074 2055 1332 2122 permissa
1370 2057 1474 2118 est,
1526 2054 1618 2106 sed
1669 2055 1713 2104 si
1765 2054 2022 2121 concedit,

116 2153 380 2200 contracta
418 2165 532 2201 esse
571 2149 809 2216 ejusdem
846 2150 1054 2215 generis
1083 2150 1311 2217 negotia,
1353 2164 1515 2216 seque
1551 2147 1738 2199 fecisse
1768 2164 1845 2215 ea,
1886 2165 2022 2216 quae

116 2243 475 2310 convenerint,
513 2242 811 2313 παραγραφὴ
851 2244 1106 2311 permissa
1142 2260 1251 2294 non
1286 2248 1380 2309 est,
1421 2242 1513 2294 sed
1541 2245 1684 2294 recta
1710 2243 2022 2294 intentionis

117 2337 425 2406 depulsione
465 2353 519 2390 00
560 2337 837 2389 defendere
868 2337 1020 2389 debet
1051 2338 1226 2389 reus.“
1304 2337 1551 2388 Phormio
1583 2338 1857 2403 concessit,
1899 2353 2022 2388 con-

113 2435 342 2483 tractum
370 2448 484 2484 esse
513 2433 640 2484 certi
668 2432 877 2501 generis
906 2433 1197 2500 negotium,
1239 2430 1582 2500 quamobrem
1610 2429 2022 2502 παραγράφεσθαι

116 2527 165 2578 ei
202 2542 311 2577 non
347 2525 564 2577 licet.““
640 2525 789 2578 Haec
838 2527 1114 2594 sententia,
1164 2524 1490 2596 παραγραφὴν
1527 2525 1838 2593 permissam
1889 2542 2021 2592 esse,

117 2621 162 2672 si
197 2636 322 2673 reus
359 2623 534 2689 negat,
574 2621 789 2671 omnino
829 2623 1095 2671 contracta
1132 2636 1247 2672 esse
1282 2621 1512 2688 negotio,
1553 2619 1893 2670 confirmatm·
1919 2620 2019 2671 alio

116 2713 486 2767 Demosthenis
523 2714 636 2765 loco
676 2730 746 2765 or.
789 2715 876 2781 33,
925 2716 954 2781 ξ
994 2716 1054 2777 2:
1106 2714 1231 2777 ,,τοῖς
1279 2711 1333 2764 δὲ
1371 2710 1480 2782 περὶ
1517 2717 1607 2764 τῶν
1648 2713 1713 2782 μὴ
1753 2713 2021 2782 γενομένων

116 2806 422 2878 συμβολαίων
451 2808 516 2867 εἰς
543 2805 693 2878 κρίσιν
715 2807 1086 2876 καθισταμένοις
1119 2805 1199 2859 ἐπὶ
1227 2807 1311 2877 τὴν
1343 2807 1669 2878 παραγραφὴν
1699 2807 2021 2878 καταφεύγειν

117 2900 297 2954 ἔδωκεν
348 2900 373 2953 ὁ
423 2901 610 2972 νόμοςίι,
666 2903 745 2969 „si
798 2902 918 2969 quis
966 2902 1023 2952 in
1067 2902 1334 2969 judicium
1382 2905 1603 2954 vocatur
1659 2902 1722 2954 de
1777 2903 2020 2970 negotiiS,

118 3012 254 3064 quae
311 2997 526 3048 omnino
583 3012 692 3047 non
750 2999 876 3047 sunt
933 2999 1215 3064 contracta,
1280 3011 1369 3047 reo
1428 2997 1522 3064 qui
1577 2996 1677 3047 hoc
1733 2996 2020 3062 contendit,
2098 3000 2100 3003 ’

115 3090 328 3158 negotia
346 3091 561 3142 omnino
582 3107 690 3142 non
712 3106 827 3143 esse
848 3093 1130 3158 contracta,
1159 3088 1572 3161 παραγράφεσθαι
1592 3090 1764 3142 licet.“
1818 3089 2020 3141 Eodem

115 3183 271 3234 modo
320 3184 712 3252 interpretanda
763 3188 889 3236 sunt
925 3184 1087 3237 verba
1126 3185 1249 3253 §phi
1299 3187 1571 3254 sequentis
1611 3185 1698 3251 (or.
1742 3184 1829 3250 33,
1870 3184 1900 3249 ξ
1940 3184 2016 3250 3):

117 3277 460 3345 ,ἐγκαλοῦντος
511 3277 565 3329 δέ
605 3298 686 3347 μοι
728 3276 1041 3349 Ἀπατουρίου
1088 3278 1146 3330 τοὶ
1199 3281 1355 3349 ψευδῆ
1400 3275 1483 3331 καὶ
1530 3277 1661 3347 παρὰ
1700 3276 1807 3335 τοὺς
1845 3275 2018 3345 νόμους

116 3370 445 3439 δικαζομένου,
484 3361 582 3423 καὶ
605 3369 696 3424 ὅσα
736 3371 832 3442 μὲν,
854 3371 962 3442 ἐμοὶ
999 3370 1082 3424 καὶ
1111 3370 1266 3442 τούτῳ
1299 3372 1487 3442 ἐγένετο
1522 3370 1793 3441 συμβόλαια
1825 3368 2016 3422 πάντων
2043 3377 2047 3379 ”

115 3461 401 3535 ἀπαλλαγῆς
439 3462 521 3517 καὶ
559 3463 783 3536 ἀφέσεως
823 3466 1081 3537 γενομένης
1130 3460 1281 3519 ἄλλου
1330 3464 1384 3518 δὲ
1424 3463 1718 3537 συμβολαίου
1758 3462 1846 3516 οὐκ
1884 3458 2016 3523 ὄντος
